2967 4609
750 245 797 317 68

244 394 321 467 sivit
335 416 441 490 quam
462 416 540 488 quae
555 394 597 466 de
617 413 756 465 summo
773 390 865 463 bono
882 400 917 462 et
932 389 997 463 vita
1014 389 1113 462 beata
1128 389 1302 486 disputata

243 522 461 613 etpraecepta
476 523 606 616 essent·
599 534 816 609 ,omnesque
829 511 937 586 doct'
895 521 1016 601 trrnaS,
1031 533 1108 606 quaa
1123 533 1302 583 summum

243 635 414 708 bonumit
400 633 574 708 taconstit
576 633 747 706 uissentu
695 632 861 705 ttnihil
876 632 1020 707 haberet
1031 655 1113 706 cum
1122 633 1303 706 honestate

181 742 185 751 ’
244 755 395 852 conjunc
397 764 472 825 tum
480 752 761 848 ,improbaviet
774 776 956 849 aggressus
972 763 1033 826 est.

292 873 342 945 lta
358 884 555 946 ceterorum
577 872 757 946 sententiis
773 873 932 962 semotis,
947 873 1025 945 duae
1045 880 1181 943 tantum
1196 879 1305 942 resta-

243 995 344 1084 bant3
361 1018 472 1090 quum
487 994 581 1068 enirn
599 994 704 1069 Stoici
723 994 811 1067 nihil
825 994 960 1067 bonum
977 1002 1101 1090 praeter
1115 994 1302 1065 honestum
1396 1018 1401 1026 ·

243 1138 319 1188 esse
334 1115 508 1205 dicerent,
522 1116 721 1190 Academici
734 1126 854 1190 contra
869 1125 905 1189 et
917 1112 1158 1210 Peripatetici,
1174 1121 1304 1184 etcum

244 1235 312 1308 illis
326 1235 539 1326 AntiochuS,
560 1238 671 1311 multa
686 1238 829 1332 quidem
852 1237 918 1309 alia
939 1258 1016 1308 esse
1034 1235 1145 1322 bona,
1165 1234 1227 1306 sed
1241 1234 1305 1305 ho-

245 1367 414 1430 nestatem
439 1358 588 1432 maxime
613 1368 756 1455 propter
782 1381 818 1431 se
844 1356 1071 1454 expetendam
1097 1347 1304 1428 censebant:

244 1500 394 1572 quarum
425 1478 689 1575 disciplinarum
721 1490 906 1575 utramque
941 1477 1093 1552 vicissim
1124 1476 1244 1549 Cicero
1272 1485 1308 1547 ιι

244 1597 367 1691 probat
381 1609 416 1672 et
429 1598 638 1690 insectatum
660 1624 755 1674 nunc
777 1601 901 1674 metuit
915 1624 959 1674 ne
971 1599 1095 1687 Stoici,
1111 1621 1221 1694 quum
1233 1607 1306 1669 tam

245 1718 379 1791 sortiter
396 1720 532 1810 dicant,
554 1721 617 1817 soli
634 1722 704 1794 sint
722 1722 920 1821 philosophi
931 1725 957 1812 ¹,
975 1719 1164 1794 Paradene
1181 1719 1307 1792 ludens

246 1840 387 1930 scribit,
413 1842 449 1914 in
475 1852 626 1916 extrema
653 1853 751 1940 parte
778 1843 891 1938 quinti
913 1842 956 1940 de
980 1842 1123 1915 Finibus
1149 1840 1247 1928 libri,
1269 1839 1306 1911 in

245 1963 367 2058 quinto
383 1966 656 2041 Tusculanorum
669 1969 895 2064 quaestionem
909 1967 1107 2041 Stoicorum
1119 1987 1308 2062 argumen-

144 2068 147 2073 ’
246 2084 289 2157 tis
306 2083 519 2160 Antiochum
542 2088 741 2184 impugnat,
769 2111 865 2163 nunc
886 2089 923 2160 in
941 2088 1152 2163 contrariam
1173 2095 1308 2183 partem

247 2205 448 2301 disputans,
463 2207 536 2303 ipse
550 2209 738 2282 Porodoco
754 2210 893 2297 refellit,
913 2219 947 2282 et
965 2209 1000 2281 in
1017 2218 1140 2303 quarto
1158 2209 1201 2280 de
1213 2207 1310 2281 Fini-

247 2329 306 2400 tos
316 2327 417 2418 libro,
431 2329 593 2403 Antiochi
603 2331 844 2433 auctoritatem
860 2333 1028 2421 secutus²,
1043 2331 1195 2404 Stoicam
1208 2330 1310 2403 ratio-

247 2472 328 2523 nem
351 2450 535 2547 improbat.
558 2451 771 2526 Antiochum
794 2452 889 2525 enim
910 2462 1030 2526 contra
1048 2451 1181 2525 Stoicos
1202 2451 1310 2540 disse-

247 2579 383 2643 rentem
398 2571 519 2645 audire
534 2572 634 2645 nohis
651 2572 830 2660 videmur,
849 2594 959 2666 quum
975 2571 1094 2645 Cicero
1109 2570 1242 2644 Stoicos
1259 2569 1310 2643 di-

249 2691 296 2764 cit
314 2694 436 2766 eadem
458 2693 607 2766 sensisse
629 2717 707 2789 quae
725 2693 925 2767 Academici
939 2702 1071 2766 veteres
1085 2702 1120 2766 et
1132 2692 1311 2788 Peripate·

249 2813 325 2903 tici,
341 2838 406 2888 nec
426 2838 566 2888 causam
590 2814 755 2889 habuisse
781 2838 845 2888 cur
865 2815 909 2888 ab
932 2802 1073 2909 antiqua
1092 2814 1310 2887 institutione

249 2935 482 3009 desciscerent
495 2945 530 3009 ιι
545 2960 632 3010 nova
647 2936 826 3010 exsisteret
843 2934 1025 3032 disciplina
1036 2938 1068 3025 3;
1092 2935 1225 3039 Stoicos
1239 2959 1311 3008 non

250 3058 332 3130 satis
345 3058 409 3130 sihi
424 3068 600 3147 constare,
614 3059 693 3154 qui,
708 3083 726 3132 a
740 3060 853 3155 prima
866 3059 1168 3133 commendatione
1179 3069 1313 3133 naturae

249 3188 284 3252 et
295 3179 338 3252 ab
352 3178 561 3275 appetitione
574 3202 692 3252 rerum
709 3180 753 3252 ad
767 3179 953 3253 vivendum
967 3181 1312 3254 accommodatarum

250 3299 413 3394 proiecti,
428 3299 526 3373 obliti
540 3310 657 3373 autem
671 3324 749 3395 quae
763 3300 875 3397 prima
890 3301 1072 3397 posuerint
1084 3301 1312 3375 fundamenta

251 3430 286 3516 et
305 3443 431 3516 corpus
454 3420 569 3494 subito
588 3421 804 3511 deserentes,
824 3444 1003 3494 summum
1027 3422 1161 3495 honum
1183 3421 1312 3494 insola

169 3521 172 3525 Α
251 3540 377 3614 virtute
392 3550 550 3615 constare
563 3541 720 3631 volunt²;
734 3540 909 3615 introduci
921 3541 1084 3615 virtutem
1097 3541 1193 3617 nullo
1208 3542 1314 3614 modo

251 3684 368 3757 posse,
384 3661 450 3734 riisi
466 3661 582 3734 omnia
598 3685 675 3756 quae
688 3661 796 3754 leget,
812 3684 958 3756 quaque
970 3662 1122 3758 rejiciet,
1138 3684 1246 3734 unam
1262 3685 1315 3734 re-

289 3903 294 3935 ¹
313 3904 402 3962 Tuae,
417 3905 461 3963 lll,
476 3906 516 3952 et.
589 3925 594 3932 ·

286 3991 297 4026 2
312 3993 405 4042 Pisonis
418 3992 539 4042 Antiochii
552 3992 698 4041 sententiam
711 3993 815 4055 profert,
830 4007 852 4040 c.
867 3996 913 4050 26,
927 3995 968 4040 27.

285 4077 517 4129 3ι.ι-ιο.--ιι.
533 4069 814 4143 oere9„1‚'eo,er.

285 4170 337 4219 ⁴0.
353 4175 438 4220 11-1t.
452 4199 485 4208 —
498 4171 548 4230 CA,
564 4186 586 4218 c.
601 4172 631 4218 17
645 4173 670 4218 ιι
682 4174 723 4218 28.
