2967 4609
700 201 747 273 73

192 344 328 418 ritatem
353 344 420 418 alia
443 344 478 417 in
504 344 597 418 orbis
619 354 733 441 parte,
760 345 854 442 apud
876 344 1125 450 Alexandrinos
1149 347 1249 434 16166,

191 488 342 560 quorum
363 466 447 539 urbs
464 466 539 563 jam
557 476 634 540 tum
648 466 789 541 Graeciae
809 467 942 540 artibus
961 467 1249 564 philosophiaque

143 643 148 649 .
192 585 352 674 florebat,
368 585 531 660 obtinuit.
846 687 850 692 δ

191 743 199 756 ·
239 707 469 780 Potamonem
488 706 582 780 enim
597 707 704 781 istum
722 708 767 781 de
782 709 883 805 cujus
898 717 997 782 aetate
1015 717 1050 781 et
1070 708 1250 783 sententiis

192 836 263 899 tam
283 848 375 924 saepe
397 827 612 925 disputatum
634 839 701 918 est,
728 852 799 903 non
815 829 968 903 multum
991 838 1070 926 post
1089 828 1250 903 Antiochi
1328 893 1334 906 .

192 949 373 1038 mortem¹,
391 949 466 1046 ejus
481 949 737 1046 philosophiam
753 950 967 1024 renovavisse
982 959 1016 1024 61
1029 960 1145 1048 partes
1159 958 1252 1023 tuta-

192 1075 268 1140 tum
283 1091 358 1143 esse
376 1069 573 1160 credimus,
595 1079 680 1144 teste
699 1070 852 1167 Diogene
865 1071 1018 1160 Laertio,
1036 1070 1116 1167 qui,
1140 1093 1250 1167 quum

191 1188 392 1264 Potamonis
412 1190 607 1264 doctrinam
629 1193 786 1289 exponit,
809 1192 852 1266 de
870 1193 944 1290 ipsc
964 1192 1135 1267 Antiocho
1156 1192 1251 1288 loqui
1280 1277 1284 1283 ¹

192 1308 361 1383 viderunt.

241 1431 480 1506 «Eclecticam
493 1444 643 1524 sectam,
658 1432 1250 1525 6111666116,1616616611Ρ61666

193 1549 487 1643 «Alexandrinus,
507 1554 622 1650 quiex
643 1555 789 1651 singulis
804 1556 906 1631 sectis
922 1577 1055 1652 eaquae
1073 1555 1253 1652 placerent

193 1677 383 1773 deligebat,
419 1676 646 1774 ἐκλεξάμενος
675 1678 722 1754 τὰ
753 1679 934 1782 ἀρέσαντα
960 1683 996 1769 ἐξ
1023 1677 1153 1778 indigne
1182 1686 1253 1753 τῶν

192 1810 395 1906 «αἱρέσεων.
408 1831 425 1875 a
441 1810 532 1896 Quid
545 1821 663 1885 autem
678 1812 773 1886 aliud
786 1812 998 1903 Antiochus,
1013 1813 1098 1909 quid
1113 1813 1251 1902 Cicero,

189 1928 249 2023 qui
268 1952 389 2004 omnes
403 1932 474 2005 lere
489 1933 712 2028 superiorum
727 1943 871 2007 aetatum
887 1933 1088 2030 disciplinas
1107 1934 1199 2007 inter
1213 1956 1253 2033 66

189 2049 997 2144 6661661661Ε6616116166Ρ61666,61166
1014 2077 1143 2129 nomen
1161 2054 1250 2127 illud

191 2178 352 2265 usurpat,
370 2194 440 2266 quo
453 2172 582 2269 optime
607 2196 833 2248 communem
854 2175 1038 2272 utriusque
1055 2173 1250 2249 doctrinam

190 2295 430 2392 designemuS‚
448 2296 647 2396 ἐκλεκτικὴν
659 2301 807 2400 αἵρεσιν.

240 2423 410 2498 «Potamo
425 2425 496 2504 duo
511 2424 596 2499 dicit
609 2449 685 2500 6666
700 2428 838 2502 criteria
853 2421 1024 2526 veritatis,
1048 2450 1161 2500 unum
1177 2424 1248 2528 (ὑφ’

192 2537 260 2620 coi
278 2550 431 2641 γίγνεται
449 2549 474 2648 ἡ
494 2545 624 2650 κρίσις)
646 2548 687 2625 τὸ
707 2549 929 2650 ἡγεμονικόν,
952 2555 1102 2629 alterum
1121 2550 1177 2653 (δι’
1191 2543 1249 2648 αὖ)

191 2672 286 2773 «τὴν
299 2673 563 2777 ἀκριβεστάτην
575 2684 817 2781 φαντασίαν.)
834 2682 1030 2757 Stoicorum
1045 2685 1100 2758 hae
1114 2694 1252 2758 senten·

189 2796 261 2883 tiae,
275 2796 471 2871 Stoicorum
483 2801 558 2874 haec
570 2801 688 2874 omnia
699 2802 822 2891 verba,
836 2825 923 2898 quos
939 2803 1082 2899 quidem
1096 2804 1140 2876 de
1152 2802 1251 2877 crite
1284 2791 1288 2798 ’

189 2914 323 2989 riorum
338 2940 483 2994 numero
497 2920 583 2995 alios
600 2921 700 2995 aliter
717 2922 867 2996 sensisse
890 2933 1034 2997 constat.
1058 2923 1249 3024 Chrysippo

188 3046 283 3122 cuim
305 3048 374 3123 duc
401 3049 584 3145 placebant
605 3052 762 3141 criteria,
786 3043 965 3151 αἴσθησις
986 3063 1022 3128 61
1045 3050 1228 3153 πρόληψις
1236 3083 1249 3142 ,·
1304 3031 1310 3042 ⁵

187 3172 319 3249 Boetho
339 3187 500 3271 quatuor,
519 3203 671 3276 quorum
694 3203 713 3255 6
731 3204 879 3256 numero
900 3186 986 3268 νοῦς
1001 3192 1037 3255 61
1053 3185 1231 3275 αἴσθησις
1236 3209 1250 3268 ,·

188 3300 331 3395 quidam
346 3302 450 3377 etiam
464 3328 505 3379 ex
518 3306 691 3381 veteribus
707 3307 832 3382 Stoicis
849 3302 912 3380 τὸν
933 3304 1049 3406 ὀρθὸν
1065 3303 1168 3401 λόγον
1185 3332 1248 3406 pro

189 3421 327 3495 criterio
349 3422 555 3498 habuerant.
583 3425 673 3510 Quid
696 3437 814 3501 autem
844 3427 939 3501 aliud
963 3428 1164 3502 Potamonis
1190 3428 1249 3501 illa

188 3549 388 3647 percauta,
404 3550 471 3625 nisi
486 3575 673 3628 commune
686 3554 845 3627 omnium
858 3554 1054 3628 Stoicorum
1069 3554 1248 3628 criterium

188 3676 415 3771 (quodetiam
430 3681 609 3776 αἴσθησις
625 3681 760 3758 dictum
775 3682 863 3777 estl‘l
882 3682 966 3778 quid
981 3683 1077 3757 aliud
1092 3683 1248 3780 ejusdem

223 3859 230 3893 ¹
247 3860 281 3909 Ne
294 3862 474 3911 committamus
487 3862 568 3923 euim,
583 3867 610 3913 ut
626 3864 656 3913 iis
672 3864 851 3924 assentiamur,
871 3866 914 3928 qui
933 3868 1089 3917 Potamonem
1107 3867 1247 3917 eclecticuur

189 3947 254 3995 huuc
266 3951 378 3999 eumdem
392 3965 447 4001 6666
457 3951 572 4015 juvenem
585 3954 682 4012 volunt,
692 3953 763 4015 cujus
776 3955 876 4004 tutelam
889 3970 903 4004 a
917 3955 1009 4006 Plotiuo
1021 3961 1159 4020 susceptam
1172 3956 1248 4006 luisse

188 4040 308 4085 memorat
321 4037 476 4103 Porphyrius.
494 4041 547 4091 Vit.
561 4040 646 4099 Plus,
661 4039 675 4104 5
688 4046 703 4090 9
716 4045 741 4091 61
754 4044 792 4089 11.

222 4121 233 4158 2
249 4124 274 4181 1,
288 4127 328 4172 11.

9 4177 25 4551 l
315 4413 334 4448 .
