2967 4609
751 204 798 277 m

244 353 449 426 uterentur?
462 350 528 436 Qui
550 351 680 426 luerint
698 349 767 441 illi,
791 348 1016 426 recordemur
1034 350 1243 448 mod03jam
1258 349 1302 425 ab

241 473 283 547 iis
298 471 398 569 quasi
413 472 598 548 comitatus
611 482 645 547 et
659 470 925 547 commendatus
939 472 1133 546 Antiochus
1148 471 1192 545 ad
1206 471 1303 545 altio

241 616 316 668 rem
332 594 508 692 perveniet
520 594 698 690 dignitatis
713 595 873 690 gradum.
1013 623 1020 638 ·
1072 595 1075 601 ’

291 716 441 806 BalbuS,
456 715 536 789 Piso
557 724 591 789 et
608 714 778 788 Lucullus
792 714 1022 811 philosophiae
1037 713 1302 810 litterarumque

180 895 189 918 ,
242 837 442 911 Graecarum
460 835 574 911 studio
589 835 730 909 laudem
746 831 925 909 meruere:
947 835 1066 933 Pisoni
1081 835 1224 931 quidem
1240 859 1304 910 no-

241 980 323 1031 men
337 955 454 1031 nobile
468 953 627 1055 praestitit
639 955 854 1052 eloquentia3
871 956 1019 1030 Lucullo
1034 956 1145 1058 magis
1166 958 1303 1032 occasio

242 1099 349 1174 quam
371 1087 433 1151 aut
449 1087 574 1151 natura
597 1086 658 1150 aut
677 1075 858 1174 ingenium
881 1076 1000 1151 defuit.
1024 1077 1159 1162 Quibus
1184 1086 1302 1151 autem

241 1197 323 1271 viris
342 1198 457 1271 latinae
474 1196 668 1294 glorientur
689 1197 828 1283 litterae,
853 1220 941 1294 quos
964 1221 1035 1273 non
1059 1198 1202 1272 vincant
1225 1209 1303 1273 tum

242 1319 396 1394 historiae
410 1319 690 1417 religionumque
708 1320 873 1411 scientia,
888 1330 964 1395 turn
983 1319 1307 1434 eloquenqiaphilo-

242 1441 449 1537 sophiaque,
462 1442 526 1514 viri
540 1441 590 1514 illi
605 1443 702 1516 omni
717 1442 875 1517 doctrina
888 1441 1182 1539 praestantissimi,
1194 1439 1304 1517 Varro

242 1561 432 1636 etCicero‘l
1098 1582 1104 1593 ·

292 1682 393 1767 Quod
415 1683 444 1756 si
466 1681 509 1757 ad
527 1682 633 1758 vitam
652 1683 830 1782 publicam
848 1696 1002 1782 specteS,
1016 1683 1124 1759 Varro
1145 1684 1303 1781 quidem,
1377 1771 1385 1784 ·

242 1813 427 1900 postquam
443 1801 647 1900 aliquandiu
664 1803 699 1877 in
715 1802 883 1903 Hispania
897 1806 1056 1904 Pompeii
1072 1805 1207 1904 legatus
1222 1807 1303 1897 suit,

242 1947 432 1999 munerum
447 1925 725 2023 periculosorum
744 1949 833 2001 onus
853 1927 1062 2024 repudiavit,
1082 1940 1127 2002 ut,
1140 1951 1305 2003 securum

244 2046 366 2120 litteris
388 2047 546 2120 animum
564 2046 771 2123 intenderet.
792 2049 962 2123 Lucullus
982 2061 1119 2140 autem,
1133 2049 1235 2142 Piso,
1250 2050 1306 2124 Ci-

244 2188 323 2241 cero
355 2176 391 2241 et
418 2167 532 2241 Pansa
555 2168 599 2241 ad
625 2147 782 2243 summos
808 2171 984 2244 honorum
1008 2171 1136 2268 gradus
1154 2173 1305 2271 provecti
1363 2201 1369 2218 ,

244 2297 336 2361 sunl.

292 2410 483 2484 Lucullum
495 2409 781 2485 viditll'ntiochus
792 2411 976 2486 consulatu
987 2413 1191 2489 decoratum
1200 2416 1307 2494 etim-

244 2531 416 2627 peratoria
439 2531 605 2628 dignitate
624 2541 789 2622 auctum,
813 2557 960 2630 eamque
986 2533 1023 2607 in
1047 2533 1138 2609 bello
1160 2535 1306 2633 gloriam
1384 2544 1387 2554 '

243 2651 425 2748 adeptum,
445 2661 485 2725 ut
502 2653 575 2749 ipse
593 2662 628 2727 et
645 2654 755 2727 hostis
772 2662 806 2727 et
819 2655 930 2728 victus
945 2655 1161 2730 Mithridates
1183 2659 1306 2731 «hunc

244 2796 263 2846 a
280 2796 316 2847 se
331 2774 499 2871 maJ'orem
514 2774 641 2848 ducem
656 2774 835 2871 cognitum
858 2798 964 2871 quam
979 2775 1166 2873 quisquam
1184 2799 1307 2852 eorum

245 2920 331 2993 quos
346 2898 484 2995 legisset
496 2900 532 2969 'i
554 2898 729 2972 fateretur.
752 2897 802 2971 Eo
825 2898 962 2973 circiter
976 2909 1132 2997 tempore
1150 2924 1220 2997 quo
1235 2901 1307 2974 Lu-

245 3020 359 3094 cullus
385 3021 634 3117 triumphavit,
663 3030 823 3098 mortuus
852 3031 904 3095 est
930 3019 1074 3111 Noster,
1101 3016 1307 3119 priusquam

243 3150 315 3214 tam
337 3141 481 3217 feliciter
502 3142 664 3216 inchoata
684 3152 766 3215 aetas
787 3142 822 3214 in
839 3152 978 3238 turpem
993 3142 1306 3232 desineretsenec-
1383 3173 1391 3188 ·

243 3272 370 3351 tutem,
389 3271 423 3336 et
435 3285 523 3358 pene
540 3262 584 3336 ad
601 3262 796 3359 Epicurum
812 3263 982 3338 recideret
994 3263 1045 3335 vir
1055 3263 1113 3337 ille
1132 3264 1307 3360 idemque
1381 3307 1384 3309 v

244 3385 387 3482 gloriata
405 3395 478 3459 erat
493 3383 690 3460 Academia.

293 3506 457 3605 Pisonem
471 3506 556 3579 vidit
578 3505 772 3581 Antiochus
790 3506 834 3579 ad
845 3491 1069 3580 iribunatum
1084 3517 1118 3581 et
1134 3508 1178 3581 ad
1192 3507 1303 3581 aedili-

244 3639 350 3702 tatem
365 3628 524 3725 provehi;
541 3637 724 3724 praetorem
739 3628 910 3722 denique,
925 3627 1000 3724 ipso
1015 3629 1309 3724 Tigranocertinae

243 3774 370 3846 pugnae
385 3772 493 3839 anno,
508 3773 548 3822 ex
561 3749 723 3845 Hispanis
736 3749 960 3846 triumphum
975 3773 1086 3846 agere.

293 3871 392 3956 Quod
407 3872 450 3945 ad
466 3870 669 3944 Ciceronem
687 3870 853 3967 pertinet,
876 3864 1097 3945 consulatum
1117 3871 1259 3966 quidem
1275 3880 1309 3945 et

416 3989 437 4032 Ο

279 4138 286 4174 ¹
304 4136 489 4222 Acod.‚113l‚
