2967 4609
683 199 732 272 19

176 354 317 423 secutus
342 354 416 420 erat
440 343 652 433 Antiochus,
675 367 768 418 unus
793 342 939 419 Athenis
964 345 1090 442 placita
1113 347 1237 424 ueteris

174 466 371 543 Academiae
400 466 564 541 tuebatur
594 463 750 554 Aristus,
764 487 870 560 quem
903 487 996 540 anno
1025 464 1097 542 704
1119 468 1237 544 adhuc

175 589 298 664 vixisse
309 589 383 687 jam
406 588 574 677 diximus,
595 587 782 663 verisimile
797 598 915 663 autem
930 575 1075 663 estante
1092 589 1238 663 deiunc-

176 721 252 784 tum
263 733 338 785 esse
348 733 455 806 quam
464 709 584 784 Cicero
597 708 710 784 silium
720 732 826 783 suum
837 709 1237 807 CratippoPeripatetico

176 830 409 906 erudiendum
425 829 659 905 committeret
673 831 717 927 (a.
734 829 830 926 709).

222 952 349 1028 Nullus
363 950 478 1028 Aristo
493 960 668 1048 superstes
687 959 763 1026 erat
783 950 1074 1047 discipulus‚.qui
1092 950 1239 1027 Athenis

175 1074 250 1171 ejus
265 1083 300 1148 et
312 1072 473 1147 Antiochi
495 1072 717 1169 disciplinam
737 1072 992 1150 defendendam
1014 1096 1054 1150 ac
1069 1096 1239 1152 renovan-

175 1198 257 1274 dam
271 1196 477 1294 susciperet:
499 1196 546 1269 ita
561 1205 601 1270 ut
614 1217 697 1270 cum
710 1194 883 1270 Antiocho
898 1205 932 1271 et
945 1195 1061 1270 Aristo
1075 1219 1165 1293 pene
1179 1221 1237 1272 ex-

172 1319 280 1393 tincta
294 1318 331 1392 in
345 1317 477 1393 Graecia
491 1317 665 1393 videretur
683 1316 905 1414 philosophia
926 1316 984 1390 illa
1008 1340 1086 1413 quae
1112 1339 1192 1394 mox
1216 1342 1235 1394 a

174 1439 341 1514 Cicerone
362 1437 456 1535 apud
479 1439 655 1513 Romanos
679 1437 870 1528 illustram,
891 1436 1107 1515 Alexandria
1132 1438 1237 1515 etiam

174 1586 303 1640 novum
315 1562 468 1659 uigorem
483 1561 577 1660 apud
591 1561 783 1638 Eclecticos
798 1571 873 1637 erat
885 1569 1082 1658 acceptura.

223 1830 399 1906 Nonnulla
412 1832 597 1929 scripserat
605 1833 811 1923 Antiochus,
820 1833 882 1907 sed
889 1834 1017 1906 horum
1026 1853 1173 1928 operum
1185 1829 1237 1902 ni-

176 1952 227 2025 hil
249 1952 293 2025 ad
312 1974 376 2028 nos
399 1953 571 2051 pervenit,
589 1954 643 2026 vix
665 1955 901 2049 fragmentum
925 1953 1069 2048 quidem
1088 1951 1236 2048 alicujus

178 2072 299 2169 pretii;
322 2096 362 2149 eo
376 2075 470 2151 enim
485 2084 641 2171 tempore
661 2097 730 2170 quo
742 2076 815 2173 jam
830 2074 946 2149 minor
959 2072 1188 2172 philosophiae
1203 2081 1238 2146 et

178 2193 348 2291 imprimis
359 2193 556 2272 Academiae
569 2205 750 2293 supererat
765 2196 890 2285 honor,
908 2205 986 2272 raro
1006 2196 1048 2270 de
1064 2192 1237 2271 Antiocho
1366 2177 1368 2182 ’

175 2315 306 2390 mentio
319 2317 408 2393 lacta
423 2326 485 2391 est.

224 2437 384 2513 Primum
416 2438 580 2533 quidem,
605 2461 683 2535 quae
711 2437 806 2534 apud
836 2437 1021 2511 Philonem
1047 2434 1238 2523 didicerat,

175 2561 390 2638 defensitavit
414 2560 607 2636 Antiochus
627 2569 662 2636 et
680 2559 819 2657 scripsit
841 2559 884 2634 de
903 2558 959 2632 his
980 2558 1085 2632 rebus
1108 2555 1238 2631 acutis-

175 2683 295 2758 sime¹.

223 2805 330 2879 Sosus
342 2828 410 2901 qna
435 2805 583 2895 ratione,
597 2828 709 2901 quum
726 2803 853 2879 Noster
866 2826 885 2878 a
898 2801 1064 2899 magistro
1079 2801 1238 2876 discede-

175 2936 243 3016 ret,
267 2926 383 3002 editus
405 2925 465 3016 sit,
487 2935 522 3000 et
542 2949 607 3000 cur
626 2927 694 3000 hoc
707 2924 809 2999 titulo
832 2922 1126 3020 inscriptus,jam
1150 2922 1238 2996 dixi-

99 3119 104 3126 .
176 3071 267 3122 mus.
282 3049 323 3122 ln
339 3070 379 3122 eo
394 3047 483 3123 libro
503 3049 570 3121 hoc
584 3046 760 3143 praecipue
775 3044 841 3120 sibi
855 3044 1072 3142 propositum
1087 3043 1239 3119 habebat

173 3167 384 3259 Antiochus,
407 3192 504 3244 novae
528 3168 721 3264 mediaeque
747 3166 942 3242 Academiae
967 3176 1116 3240 veterem
1142 3165 1238 3238 illam

176 3313 283 3386 quam
294 3292 473 3365 tutabatur
483 3312 668 3388 opponere.
685 3289 751 3363 Sed
763 3297 849 3385 quot
858 3297 893 3362 et
901 3297 1031 3384 quanta
1043 3288 1110 3360 hoc
1124 3308 1236 3362 unum

175 3411 323 3487 intuenti
334 3411 722 3507 occurrebanthempe
731 3410 864 3484 Stoicos
875 3409 918 3483 ab
931 3408 1096 3482 omnihus
1106 3407 1238 3482 Acade-

176 3532 277 3607 micis
302 3532 479 3607 lacessitos
498 3531 679 3629 judicabat
698 3531 892 3604 Antiochus
908 3529 1001 3603 idem
1024 3527 1174 3601 sensisse
1197 3551 1238 3601 ac

175 3663 327 3727 ueterem
341 3651 586 3742 Academiam,
605 3652 719 3726 verbis
734 3651 877 3748 quidem
892 3650 1105 3747 discrepare,
1120 3672 1157 3725 re
1171 3671 1237 3722 au·

176 3783 247 3847 tem
260 3797 463 3871 congruere.
472 3773 551 3847 Non
564 3771 899 3870 poteratAntiochns
911 3770 1017 3845 talem
1030 3769 1238 3844 sententiam

176 3895 213 3967 in
228 3918 269 3969 eo
282 3895 372 3971 libro
387 3919 458 3970 non
473 3894 655 3993 explanare
670 3915 739 3990 quo
750 3894 877 3967 Sosum
892 3893 1001 3967 civem
1017 3915 1139 3982 sunm,
1151 3892 1239 3966 Stoi-

212 4155 219 4189 ¹
236 4152 333 4213 dead,
347 4155 383 4213 ll,
398 4157 438 4203 22.
