2967 4609
699 204 741 276 'll

114 361 136 406 ⁸
191 345 323 421 Stoicos
350 346 487 421 videtur
507 347 732 444 impugnare,
755 348 867 445 reipsa
890 348 978 421 nihil
1002 348 1051 421 illi
1076 347 1255 444 antiquius
1282 363 1288 376 ·

191 476 246 539 est
259 490 366 562 quam
380 468 666 558 utdemonstret,
689 468 753 558 iis,
776 469 806 542 si
830 469 934 543 modo
951 469 1054 543 verba
1073 468 1256 542 ambitiosa

193 586 302 660 recisa
326 588 476 678 luerint,
505 590 627 664 eadem
654 589 827 686 placuisse
857 600 962 685 atque
988 588 1256 679 Academicis¹3

193 707 286 802 apud
304 718 490 804 utramque
509 720 660 799 sectam,
683 734 755 784 non
774 721 846 784 tam
863 734 942 806 quae
957 709 1125 807 disparia,
1148 731 1255 804 quam

194 849 274 922 quaa
286 828 414 903 similia
427 840 512 904 sunt
525 831 667 926 quaerit,
685 841 724 904 ut
747 831 830 905 this
850 841 970 905 utatur
991 830 1091 927 quasi
1111 852 1256 934 conces-

195 947 289 1037 «sis,
303 973 382 1045 quae
397 950 521 1026 Stoicis
536 952 739 1027 communia
756 962 840 1027 sunt
853 975 936 1026 cum
948 950 1136 1046 antiquis.»

241 1070 364 1146 Studet
375 1072 612 1169 igiturStoicae
620 1074 768 1148 modum
778 1082 814 1148 et
823 1083 1137 1170 temperamentum
1147 1073 1257 1168 quod-

193 1193 274 1265 dam
292 1193 457 1268 adhibere
474 1193 686 1290 disciplinae,
701 1194 776 1284 cui,
797 1194 969 1291 quidquid
988 1193 1168 1267 immodici
1183 1216 1255 1290 prae

192 1338 229 1389 se
253 1317 332 1406 sert,
351 1316 433 1391 vitio
451 1316 568 1407 vertit,
590 1304 717 1414 nempe
732 1318 825 1394 hanc
844 1317 1031 1414 gloriosam
1046 1316 1250 1390 ostentatio-

77 1467 91 1488 ·
194 1437 327 1510 nemin
344 1437 608 1526 summobono,
624 1437 879 1511 immanitatem
900 1437 997 1511 illam
1017 1437 1203 1511 verborum
1221 1447 1257 1510 et

193 1557 427 1647 atrocitatem,
442 1559 506 1631 has
527 1558 742 1632 contortulas
765 1567 801 1632 et
813 1558 967 1632 minutas
982 1551 1256 1632 conclusiuncu-

193 1679 244 1754 las
259 1704 324 1754 neo
337 1682 382 1754 ad
395 1704 519 1755 sensus
536 1691 799 1777 permanantes,
816 1682 878 1754 has
892 1680 1109 1754 ratiunculas
1124 1680 1255 1775 quibus

193 1800 293 1875 dolor
303 1801 453 1898 superbe
465 1801 643 1891 definitur,
657 1825 729 1876 non
743 1801 890 1890 tollitur,
905 1801 1089 1876 horridum
1102 1800 1254 1896 denique

191 1921 515 1996 humunculum
530 1921 826 2017 urcenurgenus2.
1221 1899 1228 1913 '

238 2041 293 2116 hd
307 2043 458 2115 Brutum
470 2042 606 2117 scribit:
622 2042 718 2115 oNos
730 2065 771 2116 ea
783 2041 1003 2138 philosophia
1016 2041 1095 2138 plus
1108 2041 1255 2131 utimur,

193 2188 302 2260 oquae
324 2165 459 2262 peperit
479 2164 616 2240 dicendi
643 2163 800 2261 copiam,
822 2175 858 2238 et
876 2164 913 2236 in
931 2187 1000 2261 qua
1019 2164 1186 2238 dicuntur
1199 2188 1255 2253 ea,

194 2309 298 2380 oquae
316 2309 388 2360 non
401 2286 555 2359 multum
569 2285 768 2382 discrepant
791 2285 834 2359 ab
856 2285 1020 2382 opinione
1034 2284 1252 2382 populerit»

196 2409 240 2481 Et
253 2408 357 2482 alias:
375 2407 662 2496 «trumonis,
677 2408 742 2496 ait,
757 2417 792 2481 et
807 2407 1119 2504 Peripateticomm
1133 2417 1169 2481 et
1181 2406 1253 2479 nn-

196 2527 329 2601 ‹tioehi
346 2528 477 2601 linibus
494 2551 565 2601 non
583 2528 682 2602 laoile
700 2527 898 2601 divellorhr
916 2528 944 2600 li
959 2537 1043 2601 sunt
1058 2527 1165 2623 igitur
1179 2550 1255 2601 ma-

192 2648 290 2744 gistri
304 2671 457 2744 quorum
471 2648 669 2722 auctoritati
684 2647 804 2721 Cicero
823 2647 972 2721 libenter
987 2646 1150 2720 innititur
1165 2672 1173 2719 :
1189 2648 1254 2720 Po

193 2769 284 2843 lemo
298 2767 356 2843 ille
371 2769 472 2865 cujus
487 2767 645 2842 doctrina
661 2791 680 2842 a
697 2768 835 2842 Zenone
849 2777 944 2842 extra
959 2768 1105 2841 modum
1120 2767 1253 2864 prolata

192 2900 264 2980 est;
279 2889 454 2963 Panaetius
470 2897 504 2964 et
516 2890 743 2978 Posidonim,
768 2899 803 2963 et
821 2888 1016 2963 Antiochus
1041 2890 1214 2986 imprimis
1235 2915 1254 2963 a

193 3012 322 3107 quibus
336 3012 532 3086 Stoicorum
550 3012 734 3109 disciplina
747 3012 792 3085 ad
804 3012 971 3108 priscam,
985 3013 1079 3087 unde
1096 3022 1171 3087 orta
1186 3022 1254 3102 est,

192 3132 450 3229 philosophiam
468 3143 624 3207 revocata
642 3142 746 3228 atque
762 3132 812 3206 sio
829 3142 1021 3229 temperata
1038 3133 1115 3207 luit.

242 3253 305 3327 His
320 3253 491 3343 ducibm,
506 3252 657 3326 instituit
676 3252 934 3349 philosophiam
948 3253 1117 3326 moralem
1131 3252 1256 3327 evasit-

193 3397 278 3469 que,
293 3383 334 3447 ut
349 3373 398 3446 ait
411 3374 496 3470 ipse,
511 3393 660 3470 magnus
675 3373 844 3470 opinator.
860 3373 937 3445 Una
952 3395 1035 3446 eum
1046 3373 1090 3446 iis
1102 3373 1255 3446 admira-

193 3504 250 3569 tus
272 3506 325 3570 est
346 3496 549 3585 Platonem,
571 3494 729 3570 divinum
751 3495 854 3568 illum
867 3493 1001 3584 virum,
1023 3493 1103 3590 qui,
1118 3494 1254 3568 etiamsi

227 3774 234 3809 ¹
252 3774 337 3835 ltaque
350 3774 422 3831 Cato,
437 3786 513 3833 quum
526 3772 616 3821 desinit
632 3772 764 3835 disputatio
781 3775 867 3833 quarta
880 3771 918 3820 De
932 3767 1046 3819 Finibus
1060 3785 1066 3817 ε
1081 3772 1202 3820 Memento
1216 3774 1253 3830 te,

191 3862 239 3922 alt,
254 3876 309 3924 quae
322 3876 367 3910 nos
380 3861 530 3920 sentiamus,
544 3862 625 3910 omnia
638 3861 758 3924 probare,
772 3861 798 3910 ni
810 3862 875 3923 quod
888 3859 968 3909 verbis
980 3859 1051 3909 ahter
1063 3863 1170 3908 utamur.

224 3948 288 3998 the
300 3951 379 4009 Fora,
394 3950 437 4009 lv,
451 3954 476 3998 9.
490 3975 523 3985 -
537 3951 627 4010 Ture„
642 3950 678 4010 ΙΙ,
694 3952 738 4009 12,
754 3952 799 4009 13,
815 3952 859 4008 18,
874 3951 914 3997 22.
928 3974 961 3986 -
973 3949 1012 3998 lle
1025 3949 1102 4011 hep,
1117 3948 1165 4008 ΙΙΙ,
1179 3952 1203 3995 5.

224 4035 238 4075 3
251 4035 404 4096 Paratae,
418 4051 520 4100 prorem.

223 4120 346 4184 locat,
362 4126 397 4183 ll,
415 4130 454 4175 tt.
