2967 4609
687 200 736 272 17

144 339 154 353 ’
230 342 591 435 LuculluS,diutuma
602 353 776 440 quaestura
788 344 825 416 in
835 343 916 418 Asia
927 344 1069 419 functus
1079 345 1244 421 Romam·

181 489 424 564 quereremus
449 467 493 564 (a.
515 454 621 559 674),
651 464 810 541 celeriter
835 465 879 540 ad
909 488 1068 540 summos
1094 468 1245 542 honores

180 585 354 684 pervenit3
381 596 566 684 postquam
589 586 811 660 consulatum
832 586 940 683 gessit
961 591 1004 684 (a.
1026 586 1131 681 680),
1154 612 1245 692 anno

106 711 114 722 '
181 706 341 804 sequenti
360 708 404 782 ad
420 706 695 783 Mithridaticum
710 706 845 781 bellum
863 731 883 781 a
899 717 1022 782 senatu
1038 707 1167 781 missus
1182 719 1244 782 est.

181 827 297 918 Tunc,
312 837 353 902 ut
366 837 465 903 autea
481 838 643 925 quaestor,
658 828 709 903 sic
723 839 802 926 post
816 828 951 925 aliquot
968 852 1078 903 annos
1096 829 1133 902 in
1148 829 1246 926 Syria

181 950 388 1048 imperator,
408 949 630 1025 Antiochum.
647 951 772 1027 habuit
799 954 954 1042 secum¹,
978 962 1013 1027 et
1037 952 1249 1027 verisimilli-

181 1095 282 1145 mum
296 1080 368 1161 est,
383 1095 494 1168 quum
502 1069 674 1146 Lucullus
688 1072 942 1169 Tigranocerta
956 1072 1143 1171 Tigranem
1159 1074 1249 1148 ludit

182 1195 289 1290 (anno
306 1191 399 1282 685,
417 1191 529 1290 pridie
546 1216 656 1267 nonas
674 1193 901 1287 decembris),
923 1194 1009 1269 huic'
1023 1195 1145 1292 proelio
1159 1196 1249 1271 Nos·

181 1322 276 1387 trum
290 1313 458 1403 adfuisse,
472 1315 567 1411 quod
582 1336 782 1388 memorans
798 1315 1051 1390 exclamabat«
1064 1340 1248 1414 nunquam

180 1433 241 1508 tali
258 1434 367 1509 solem
382 1434 536 1509 illuxisse
549 1435 764 1510 victoriati>

232 1555 309 1629 Non
336 1555 503 1653 diupost
531 1556 618 1630 illud
646 1557 811 1654 proelium
839 1557 922 1632 vixit
949 1557 1161 1651 Antiochus,
1188 1562 1248 1658 qui

184 1676 322 1772 quando
334 1686 374 1752 et
396 1677 458 1752 ubi
475 1687 636 1753 mortuus
656 1677 719 1769 sit,
742 1680 915 1754 nonsatis
938 1692 1157 1779 compertum
1174 1693 1247 1756 est:

182 1795 436 1878 Cicerotamen
457 1797 558 1872 illum
576 1810 766 1890 memorat,
788 1823 921 1896 eaquae
941 1826 960 1875 a
980 1802 1129 1877 Lucullo
1145 1826 1250 1899 expo·

181 1928 328 2008 nuntur,
345 1919 621 1994 «asseverantius
633 1920 671 1994 in
686 1920 787 2017 Syria
796 1920 1155 2020 disputavisse,'paulo
1169 1933 1249 1998 ante

182 2064 289 2138 quam
299 2041 344 2115 sit
353 2052 513 2116 mortuus
522 2044 576 2132 ³,r
592 2054 628 2117 et
641 2043 774 2142 «patria
789 2044 896 2119 semel
908 2069 1088 2143 egressum
1102 2049 1249 2122 domum

182 2185 367 2258 nunquam
392 2163 639 2239 revertisset»
677 2163 811 2250 Quibus
837 2167 942 2241 rebus
968 2167 1183 2265 impellimur
1205 2170 1250 2244 ad

182 2283 398 2357 credendum
417 2307 500 2359 eum
517 2285 585 2359 vita
610 2286 801 2361 decessisse
829 2288 1034 2385 priusquam
1059 2290 1249 2380 Lucullus,
1318 2381 1328 2393 ἱ

182 2403 311 2478 amissa
328 2404 550 2502 imperatoria
567 2416 752 2504 potestate,
770 2408 814 2482 ab
837 2408 917 2483 Asia
936 2411 1085 2483 Romam
1106 2411 1250 2485 redierit

184 2526 228 2620 (a.
246 2548 280 2598 u.
300 2524 402 2620 688),
425 2535 460 2600 et
480 2550 590 2623 quum
616 2538 753 2603 constet
774 2527 989 2604 Antiochum
1011 2540 1090 2628 post
1113 2554 1249 2606 annum

182 2649 253 2724 685
268 2651 399 2726 librum
413 2655 494 2753 περὶ
507 2654 601 2740 Θεῶν
613 2654 814 2753 scripsisse,
831 2656 893 2730 ubi
908 2657 950 2731 de
965 2656 1249 2755 Tigranocertina

181 2794 299 2870 pugna
323 2774 537 2849 mentionem
561 2775 662 2867 fecit,
684 2777 838 2874 prolecto
860 2801 930 2851 non
950 2778 1104 2852 multum
1124 2803 1144 2852 a
1167 2802 1248 2853 vero
1334 2855 1342 2866 ,

182 2892 361 2968 aberimus
375 2895 590 2969 affirmantes
607 2919 689 2971 eum
704 2919 797 2972 anno
813 2897 884 2970 687
904 2902 998 2994 (ante
1013 2899 1093 2973 Chr.
1109 2899 1173 2989 67,
1195 2899 1247 2973 Ol.

183 3014 276 3106 178,
290 3016 327 3112 7)
341 3040 418 3093 esse
435 3007 655 3092 mortuum⁵ss

232 3233 388 3308 Aristum
405 3234 547 3310 fratrem
562 3235 637 3333 ejus
653 3236 755 3346 multi
776 3237 919 3334 quidem
936 3240 1135 3339 philosophi
1150 3242 1249 3340 inge-

218 3468 226 3507 ¹
243 3467 341 3530 dead„
355 3421 420 3531 11:ss
432 3474 458 3522 ei
471 3474 511 3521 19.

216 3563 229 3604 ²
244 3568 321 3627 Plut,
339 3568 391 3618 Vit.
405 3569 483 3629 Luc,
497 3583 521 3632 p.
537 3571 583 3619 tlt
595 3585 602 3618 ι
616 3560 726 3636 Ταύτης
740 3566 790 3635 τῆς
804 3564 894 3646 μάχης
907 3569 922 3625 ὁ
936 3564 1069 3648 Ἀντίοχος
1081 3571 1096 3627 ὁ
1110 3568 1248 3651 φιλόσοφος

184 3662 211 3720 iu
230 3666 263 3743 τῇ
282 3662 344 3744 περὶ
360 3666 437 3724 θεῶν
451 3669 540 3746 γραφῇ
555 3668 679 3743 μνησθεὶς
693 3668 722 3728 οὔ
736 3691 816 3749 φησιν
833 3670 916 3743 ἄλλην
932 3673 1111 3751 ἐφεωρακέναι
1124 3675 1249 3749 τοιαύτην

187 3764 231 3825 τὸν
245 3765 333 3837 ἥλιον.
354 3800 387 3814 -·
400 3775 436 3824 ct.
450 3775 563 3837 Suidanf,
577 3792 631 3827 voc.
646 3780 770 3831 Lucullus.

217 3866 339 3931 Meae,
354 3871 389 3929 il,
404 3872 444 3920 ts.

215 3961 229 3993 Φ
244 3958 335 4019 Τααο.,
350 3961 378 4019 V,
394 3962 434 4009 at.

215 4031 234 4084 ἶ
242 4049 326 4111 itaque
338 4050 363 4099 iu
372 4047 508 4115 prioribus
520 4048 685 4100 Academicis
697 4066 753 4114 quae
767 4053 839 4116 paulo
852 4059 907 4117 post
919 4055 1025 4105 reditum
1040 4059 1132 4109 Luculli
1145 4066 1170 4109 et
1182 4039 1247 4108 circa

182 4150 274 4187 anuum
287 4141 334 4188 698
347 4138 388 4203 agi
399 4138 528 4199 uidentur,
543 4140 657 4190 Lucullus
670 4142 701 4190 de
715 4145 794 4191 morte
806 4143 918 4193 Antiochi
930 4145 1047 4206 loquitur.

1085 4237 1099 4279 2
