2967 4609
691 233 736 304 77

183 392 254 455 tere
267 380 523 478 philosophiam
539 379 710 474 nisique,
724 377 813 451 bene
829 377 1027 467 constituta,
1043 389 1135 453 certa
1150 403 1246 475 qure-

182 503 264 575 dam
278 500 455 599 sapientiae
470 500 630 596 dogmata
645 499 840 573 confirmet.

229 622 346 706 Quum
365 631 483 695 autem
499 622 562 693 has
584 618 752 693 doetrinae
768 629 882 715 partes
900 619 1027 716 quibus
1039 620 1113 716 ipsa
1126 622 1246 694 inniti-

181 753 238 817 tur
254 765 394 818 morum
409 741 608 838 disciplina,
623 740 772 836 logicam
790 763 915 836 nempe
930 750 965 814 ct
978 741 1175 837 physicam,
1190 743 1246 816 de-

181 864 344 959 spiceret,
359 873 393 937 et
404 871 585 959 propterea
595 861 772 957 propriam
788 861 853 935 sibi
870 883 1008 934 morum
1024 861 1244 958 disciplinam

182 983 361 1057 instituere
385 1005 455 1055 non
479 991 611 1079 posset,
635 981 780 1054 adeam
806 981 1048 1055 necessitatem
1073 983 1245 1056 adductus

181 1115 247 1195 est,
273 1115 312 1178 ut
333 1105 480 1179 aliorum
503 1103 699 1177 auctoritati
720 1126 757 1194 se
778 1102 982 1201 subjiceret,
1009 1105 1244 1202 traditamque

181 1226 352 1323 acciperet
365 1225 570 1300 doctrinam.

228 1345 388 1420 Scientiae
402 1346 543 1442 quidem
559 1346 779 1420 inconsultus
796 1355 1025 1442 contemptor,
1048 1347 1135 1420 dum
1156 1370 1245 1444 prae·

181 1476 278 1563 copta
293 1467 336 1539 ad
351 1467 456 1539 vitam
476 1467 593 1555 firma,
611 1467 765 1555 stabilia,
781 1466 865 1540 hinc
879 1476 914 1540 et
933 1466 1046 1555 illinc,
1063 1466 1138 1540 sine
1157 1489 1241 1541 oon-

182 1588 443 1677 troversia,.l'ere
455 1587 530 1661 sine
539 1588 688 1678 delectu,
703 1588 837 1685 recipit,
850 1589 1039 1684 quamdam
1048 1588 1245 1663 Stoicorum

182 1731 263 1781 cum
274 1708 490 1783 Academicis
501 1709 675 1783 veteribus
684 1719 718 1783 et
727 1709 966 1806 Peripateticis
980 1710 1244 1784 consensionem

181 1829 247 1903 sibi
262 1830 371 1926 fingit.
386 1829 466 1904 Veri
480 1830 575 1904 enim
589 1830 738 1926 cupidus
752 1839 786 1903 et
800 1829 915 1903 studio
928 1830 1081 1926 partium
1095 1853 1245 1918 vacuus,

180 1952 344 2048 pristinas
358 1963 530 2026 sectarum
543 1952 620 2026 lites
636 1974 844 2049 componere
860 1952 1010 2026 malebat
1023 1976 1130 2049 quam
1143 1976 1242 2028 reno·

181 2097 288 2164 vare;
320 2096 510 2171 earumque
541 2074 674 2148 diutius
706 2074 952 2148 dissidentium
980 2075 1169 2150 sententias
1200 2077 1243 2149 ad

182 2218 290 2268 unam
305 2195 511 2283 reducebat,
533 2206 587 2284 ut,
606 2194 709 2268 variis
724 2195 892 2269 doctrinis
907 2195 1006 2291 quasi
1022 2196 1245 2271 coalescenti-

181 2317 264 2404 bus,
279 2317 438 2390 absoluta
453 2316 631 2391 exsisteret
646 2339 786 2389 morum
802 2315 1003 2412 disciplina,
1016 2317 1118 2413 cujus
1135 2317 1245 2413 digni-

135 2438 140 2446 ’
182 2446 234 2509 tas
254 2446 289 2509 et
302 2437 489 2510 auctoritas
505 2459 677 2511 consensu
697 2436 1065 2534 praestantissimorum
1084 2438 1244 2511 omnium

184 2559 471 2655 pbilosophorum
485 2570 678 2656 augeretur.

231 2680 350 2776 ltaque
375 2680 460 2752 dnm
487 2681 704 2756 desideratur
727 2681 763 2753 in
785 2704 826 2754 eo
848 2681 1131 2779 philosophicum
1157 2682 1242 2755 illud

184 2822 329 2874 acumen
349 2810 384 2875 et
399 2800 558 2897 religiosa
572 2801 701 2898 judicis
718 2801 836 2875 omnia
853 2812 982 2876 attente
997 2802 1244 2899 perpenderitis

184 2920 289 3010 fides,
314 2921 437 2995 saltem
454 2920 490 2992 in
506 2944 546 2994 eo
563 2921 695 2995 eminet
716 2921 872 2997 certioris
898 2922 1091 3019 disciplinae
1109 2927 1144 2997 ct
1158 2924 1246 2997 benc

183 3041 379 3115 constitutae
399 3040 576 3139 sapientire
596 3042 769 3132 studium,
791 3063 860 3140 qr·
875 3043 1018 3139 quidem
1038 3043 1113 3140 ejus
1134 3044 1247 3118 eclec-

6 3269 8 3286 .
73 3211 76 3216 ,
184 3162 294 3237 ticum
324 3164 592 3261 philosophandi
618 3188 728 3260 genus
755 3166 944 3262 quamdam
975 3166 1079 3242 habet
1105 3190 1248 3242 excusa-

186 3284 330 3358 tionem.

233 3404 403 3500 Miramur
438 3417 530 3482 certe
558 3430 669 3504 quum
695 3408 836 3497 Noster,
862 3432 1063 3505 quanquam
1091 3409 1245 3506 neglecta

184 3525 347 3615 scientia,
361 3526 517 3601 Platonis
532 3538 649 3602 tamen
661 3538 695 3602 et
708 3528 900 3602 Aristotelis
913 3530 1152 3604 auctoritatem
1171 3554 1249 3628 pro

162 3719 167 3726 .
184 3648 284 3737 serre,
298 3658 486 3743 sequetem
498 3650 668 3723 nobilium
684 3651 972 3748 philosophorum
984 3653 1159 3726 haeredem
1171 3676 1249 3750 pro·
1358 3749 1361 3756 γ

185 3768 390 3852 literiausus
402 3770 643 3867 suerit,neque
660 3771 867 3845 intellexerit
876 3781 1048 3868 quantum
1065 3773 1109 3847 ab
1124 3796 1247 3847 eorum

187 3889 326 3963 sublimi
339 3892 558 3988 perfectaque
579 3892 712 3966 ratione
732 3893 845 3966 distet.
864 3893 956 3966 Eum
971 3893 1066 3967 enim
1081 3894 1186 3966 Stoici
1211 3895 1245 3966 in

188 4010 260 4084 suis
276 4012 418 4103 castris,
435 4035 506 4087 non
527 4013 641 4087 solum
663 4014 706 4087 de
726 4012 868 4110 physica
882 4023 916 4087 et
932 4014 1060 4109 logica,
1082 4015 1142 4087 sod
1157 4016 1248 4088 etde

189 4134 345 4208 moribus
358 4135 583 4210 disserentem
599 4135 830 4210 retinuerunt.
