2967 4609
698 251 720 323 tt

178 398 246 472 lide
263 407 299 472 et
320 398 363 471 iis
384 397 493 472 animi
511 397 652 473 dotibus
667 397 796 494 quibus
814 398 1046 473 conciliantur
1061 399 1243 488 homines,

177 543 285 618 quarn
299 520 431 595 viribus
446 520 578 618 ingenii
592 531 773 619 prestaret
782 524 808 595 ¹.

212 642 320 716 .Nova
335 643 496 739 quaedam
511 652 761 733 commoverat3
790 642 934 741 propius
957 643 1053 717 enim
1068 643 1112 716 ad
1126 643 1244 717 Plato-

178 767 234 839 nis
244 767 439 840 doctrinam
453 767 681 840 accedebatet
690 767 734 839 ad
743 767 818 863 ejus
829 765 1070 840 auctoritatem
1081 767 1243 862 legesque

177 886 403 962 Academiam
421 910 581 962 revocare
601 887 816 978 conabatur;
838 909 949 983 quum
967 896 1084 961 autem
1106 886 1244 961 Arcesi-

178 1008 250 1083 lam
273 1018 308 1083 et
330 1007 542 1083 Carneadem
558 1019 593 1114 et
605 1008 864 1082 Clitomachum
886 1008 930 1082 ab
954 1007 1013 1082 illo
1038 1008 1244 1082 dissensisse

179 1138 340 1225 negaret,
354 1151 463 1203 unam
483 1128 717 1204 contendebat
736 1152 813 1204 esse
833 1128 1069 1203 Academiam.
1085 1130 1154 1204 Res
1169 1129 1246 1226 qui·

178 1251 258 1325 dem
282 1273 340 1324 eas
360 1273 435 1325 esse
453 1274 532 1347 quae
553 1259 678 1324 natura
693 1259 950 1346 cognoscantur
966 1251 1163 1341 affirmans,
1178 1251 1244 1325 isto

177 1382 295 1446 umen
307 1371 429 1461 modo,
446 1394 516 1468 quo
530 1370 636 1446 Stoici
650 1371 796 1462 vellent,
811 1372 1063 1469 comprehendi
1077 1372 1245 1468 negabat,
1280 1459 1283 1464 ¹

178 1492 275 1568 etita
289 1491 441 1589 aliquid,
465 1515 535 1567 non
551 1492 669 1566 omnia
682 1492 894 1583 concedens,
909 1491 1098 1589 pristinum
1114 1493 1244 1567 scholae

178 1624 299 1687 contra
321 1613 455 1688 Stoicos
472 1623 649 1688 certamen
664 1613 866 1687 retinuerat.
890 1614 940 1687 Ea
961 1612 1028 1686 luit
1047 1623 1171 1710 quarta
1185 1613 1244 1688 illa

178 1757 258 1831 quae
271 1735 365 1832 apud
380 1736 551 1830 quosdam
566 1734 903 1810 diciturAcademia.

225 1856 385 1930 Philonis
408 1856 538 1930 multos
558 1880 669 1930 annos
689 1856 884 1931 Antiochus
907 1856 974 1929 luit
996 1856 1190 1954 discipulus
1211 1866 1247 1931 et

178 1976 319 2074 scripsit
339 1977 381 2052 de
402 1978 459 2051 his
478 1977 582 2052 rebus
606 1977 854 2068 acutissime²;
873 1975 998 2049 deinde
1017 1977 1175 2073 magistri
1191 1977 1245 2075 ip·

178 2095 252 2173 sius
266 2111 408 2174 secutus
430 2100 647 2197 exemplum,
669 2109 710 2173 ut
731 2099 833 2173 Philo
854 2099 1144 2174 Academicorum
1162 2121 1244 2176 sen·

180 2222 369 2296 tentiarum
393 2222 624 2320 integritatem
649 2223 803 2311 leserat,
832 2222 878 2295 ita
897 2223 1022 2296 Noster
1046 2245 1065 2296 a
1085 2222 1243 2296 Philonis

178 2346 348 2420 sententia
364 2346 496 2430 destitit
514 2356 550 2422 et
567 2347 643 2421 hec
660 2345 836 2420 accusavit
850 2367 928 2442 quae
942 2356 1043 2420 antea
1058 2345 1245 2420 defensita-

179 2477 275 2542 verat
286 2469 311 2540 ³.

207 2631 210 2636 >
229 2587 400 2662 Censebat
409 2587 504 2663 enim
518 2587 712 2662 Antiochus
725 2586 812 2660 duas
825 2586 994 2661 exstitisse
1005 2586 1243 2678 Academiasl,

180 2731 288 2781 unam
310 2709 471 2784 videlicet
492 2709 666 2799 Platonis,
691 2732 770 2805 quae
794 2731 916 2783 verum
939 2732 958 2781 a
980 2708 1065 2783 salso
1086 2708 1243 2805 dignosci

179 2852 281 2927 posse
295 2830 396 2904 vellet
409 2840 444 2904 et
455 2830 615 2925 quaedam
634 2853 697 2926 pro
713 2829 817 2903 certis
834 2831 1079 2903 confirmaret:
1098 2829 1243 2904 alteram

178 2973 259 3024 vero
272 2950 316 3024 ab
330 2950 484 3026 Arcesila
499 2973 611 3046 nsque
625 2950 670 3023 ad
683 2949 868 3023 Philonem
884 2948 1061 3023 duravisse
1074 2973 1153 3046 qure
1167 2951 1245 3023 cni·

179 3074 229 3147 hil
244 3074 375 3173 percipi
390 3098 507 3172 posse,
528 3073 616 3147 nulli
631 3073 681 3148 rei
699 3072 825 3147 debere
840 3071 1039 3163 assentir·i‚n
1054 3076 1244 3149 contende-

178 3205 240 3268 ret.
257 3195 354 3268 Hanc
367 3205 484 3282 autem
498 3193 748 3291 impugnabat,
773 3193 824 3265 illi
841 3193 1082 3268 consentiebat
1095 3194 1242 3269 Noster:

178 3316 224 3390 ita
240 3327 280 3390 ut
292 3317 336 3390 ad
350 3316 505 3391 Platonis
520 3326 690 3413 praecepta
706 3316 835 3413 quibus
850 3316 950 3412 quasi
968 3315 1097 3390 invitus
1117 3327 1152 3390 et
1167 3317 1242 3390 ins-

179 3438 255 3513 cius
269 3438 434 3535 magister
445 3436 800 3536 appropinquaverat,
816 3437 1010 3533 discipulus
1024 3448 1142 3535 aperte
1155 3439 1244 3511 redi·

180 3571 247 3651 ret,
260 3569 306 3649 et,
316 3558 345 3633 si
353 3559 458 3632 Tullii
467 3558 569 3633 verba
582 3582 752 3656 usurpare
763 3559 856 3649 licet,
868 3557 928 3629 ain
939 3558 1084 3638 domum
1093 3569 1243 3633 veterem

212 3743 220 3779 ¹
236 3744 375 3802 Plutarch,
388 3745 414 3792 ll.

213 3830 339 3892 vocae,
360 3833 395 3891 ll,
413 3835 454 3880 22.
472 3857 505 3869 -
524 3832 560 3880 (ΙΙ.
579 3831 628 3890 ib,
646 3844 669 3879 c.
689 3833 720 3890 Ξ,
741 3834 757 3877 t
775 3833 801 3878 at
818 3827 1242 3888 te.-Acad.‚1‚tetaltactc.

179 3934 266 3983 opera,
281 3920 384 3984 passim.
394 3951 429 3964 -
440 3921 545 3970 Numen.
559 3933 599 3982 ap.
615 3920 703 3968 Euscb.
719 3919 810 3982 Prepa
819 3931 875 3976 eta,
890 3918 950 3976 lllll,
964 3922 989 3967 9.
1000 3920 1161 3984 -Augost,
1176 3919 1244 3971 con-

181 4004 619 4073 rraAme.‚1l‚stt;111,§tl.

213 4095 338 4156 vacua,
354 4099 388 4160 u,
402 4101 443 4147 aa.
457 4129 491 4141 ..
503 4097 539 4146 cr.
554 4097 603 4156 u,
619 4099 659 4145 ra.
674 4122 707 4132 -
719 4097 858 4154 eruerer„
876 4095 928 4146 vu.
942 4097 1019 4156 aaa,
1034 4113 1058 4161 ρ.
1074 4099 1130 4146 aro.

212 4188 225 4226 l
239 4191 273 4240 lle
286 4205 315 4241 oa
328 4190 408 4240 Nostri
421 4204 477 4239 cum
491 4190 590 4239 Philone
602 4189 768 4247 dissensione,
785 4203 807 4235 r.
826 4186 922 4245 deod„
937 4188 971 4246 ll,
987 4193 1010 4236 t.
