2967 4609
684 211 731 284 29

223 358 346 433 Omnia
360 357 465 454 igitur
482 358 557 432 haec
570 366 726 431 veterum
741 357 939 431 testimonia
954 358 1127 455 colligere,
1142 381 1237 432 com·

172 478 293 578 parare
308 489 343 554 et
358 478 580 580 interpretari
591 479 666 576 J‘am
680 479 937 577 aggrediamur,
951 489 991 552 ut
1004 479 1158 576 aliquam
1171 478 1237 553 sal:

171 612 242 676 tem
258 626 327 676 non
346 600 509 698 ignobilis
522 599 688 675 doctrinae
702 601 852 697 effigiem
867 600 1130 675 adumbremus.

525 845 670 919 CAPUT
689 845 879 919 PRIMUM.

234 1018 324 1103 Quid
341 1017 385 1089 de
402 990 615 1114 superiorum
634 1026 773 1089 (ctutum
791 1016 987 1114 disciplinis
1006 1019 1175 1091 censuerit

603 1137 802 1211 Antiochus.

222 1333 339 1418 Quum
353 1330 449 1406 nulla
466 1353 528 1429 per
542 1354 578 1405 se
596 1331 678 1405 satis
693 1330 906 1428 intelligatur
918 1331 1154 1428 philosophia,
1169 1332 1236 1405 nisi

174 1478 256 1530 cum
266 1453 487 1551 superiorum
499 1462 642 1526 aetatum
653 1453 782 1527 scholis
795 1453 1004 1543 conferatur,
1014 1452 1115 1549 quid,
1126 1476 1237 1549 quum

174 1579 217 1651 de
232 1575 291 1650 illo
305 1575 477 1649 Antiocho
499 1574 632 1670 agitur,
655 1575 757 1671 cujus
771 1573 952 1670 ingenium
966 1574 1003 1646 in
1025 1574 1238 1649 insectandis

173 1697 327 1772 Arcesila
342 1707 376 1771 et
387 1695 555 1784 Philone,
567 1694 604 1767 in
616 1718 701 1792 pace
714 1695 806 1769 inter
818 1695 1000 1770 Platonem
1015 1706 1050 1770 et
1063 1696 1237 1770 Zenonem

174 1818 412 1907 concilianda,
427 1815 650 1913 potissimum
660 1816 848 1890 inclaruit?
860 1816 1021 1890 Primum
1032 1816 1138 1914 igitur
1152 1817 1238 1913 quid

176 1950 333 2015 censeret
345 1938 470 2013 Noster
480 1938 523 2013 de
536 1938 639 2012 variis
654 1938 849 2035 disciplinis
864 1961 942 2033 quae
955 1949 1040 2012 tunc
1055 1938 1092 2010 in
1106 1939 1238 2012 honore

179 2069 297 2149 erant,
311 2083 375 2134 nec
389 2082 461 2163 non
476 2058 561 2155 quid
571 2058 639 2133 illis
652 2057 828 2149 debuerit,
843 2059 1023 2156 exquirere
1034 2081 1147 2156 operae
1160 2081 1239 2157 pre·

182 2181 268 2255 tium
281 2181 361 2256 erit·

225 2409 339 2484 Veteri
367 2410 562 2484 Academiae
588 2433 725 2506 semper
748 2409 942 2484 Antiochus
966 2432 985 2483 a
1008 2410 1193 2499 Cicerone,
1220 2434 1239 2482 a

177 2532 382 2622 Plutarcho,
391 2530 435 2605 ab
445 2532 640 2629 Augustino
651 2533 933 2605 annumeratur¹.
947 2532 1113 2617 Quaenam
1123 2542 1240 2607 autem

177 2654 308 2744 luerat,
335 2653 394 2728 illo
406 2653 541 2751 judice,
564 2641 662 2728 retus
679 2653 737 2725 illa
752 2652 938 2728 Academia
955 2676 1062 2749 quam
1077 2677 1243 2729 renovan-

177 2776 259 2848 dam
274 2798 315 2848 ac
329 2774 512 2848 tutandam
527 2775 752 2871 susceperat?

227 2896 378 2970 Socratis
394 2895 437 2993 (si
453 2895 656 2969 conceditur
670 2895 783 2991 prima
797 2894 992 2968 Academiae
1011 2889 1128 2968 abillo
1142 2918 1243 2992 repe-

179 3027 250 3091 tere
272 3016 383 3112 initia)
412 3016 612 3114 disputandi
636 3016 806 3091 rationem
824 3025 859 3089 et
881 3015 1080 3090 simulatam
1105 3017 1244 3091 dubita·

179 3137 330 3226 tionem,
345 3139 439 3212 haud
454 3138 554 3212 aliter
566 3162 606 3213 ac
619 3147 750 3212 veteres
769 3138 969 3213 Academici
984 3137 1049 3235 ipsi
1065 3137 1243 3229 iecissent,

180 3262 429 3361 interpretatus
456 3287 531 3338 esse
558 3263 694 3337 videtur
718 3262 923 3337 Antiochus.
953 3264 1123 3338 Lucullus
1148 3264 1244 3338 enim

181 3384 609 3459 Socratcmaitenumero
622 3406 745 3458 eorum
758 3382 818 3480 qui
829 3393 1042 3480 negaverunt
1052 3384 1245 3480 quidquam

185 3506 267 3580 sciri
280 3517 342 3580 aut
355 3506 487 3604 percipi
502 3528 603 3603 posse
618 3504 812 3579 tollendum
824 3527 918 3595 esse3
934 3503 1088 3578 multum
1102 3505 1245 3601 quidem

181 3628 225 3702 de
248 3652 286 3702 se
310 3627 552 3702 detrahentem
579 3626 614 3699 in
637 3626 889 3725 disputatione,
915 3624 995 3723 plus
1017 3626 1181 3701 tribuisse
1202 3626 1245 3700 iis

183 3770 271 3845 quos
291 3746 428 3822 volebat
450 3745 623 3838 relellere;
649 3747 713 3837 ita,
737 3770 848 3843 quum
873 3746 969 3822 aliud
989 3746 1120 3822 diceret
1141 3758 1245 3844 atque

218 3971 226 4007 ¹
243 3971 303 4030 Cic,
318 3968 448 4030 Actum,
463 3969 578 4029 t.-11,
593 3972 678 4018 22-
690 3969 727 4017 De
743 3967 1248 4029 Ftn.,V‚a,c.-1truns,c.9l.-

184 4064 263 4122 plut..
284 4061 337 4113 vit.
360 4062 452 4121 Bruti,
470 4075 494 4123 p.
511 4062 568 4109 eat.
582 4078 615 4089 -
630 4058 683 4108 t'u.
703 4056 819 4116 Luculli,
840 4075 863 4120 p.
887 4062 942 4107 alu.
957 4079 990 4090 -
1007 4060 1126 4123 August,
1150 4060 1247 4110 Cornua

184 4149 331 4210 Acnd.,ll,
350 4145 613 4212 §15.-111‚§el.
