2967 4609
751 225 797 296 36

292 376 373 450 Haeo
388 375 494 471 igitur
512 374 554 446 de
578 372 799 468 superiorum
813 380 953 444 aetatum
972 370 1165 468 disciplinis
1182 380 1304 446 censess

242 489 301 572 bat
319 496 530 589 AntiochuS,
554 494 652 567 etita
674 492 759 566 dum
780 493 1003 566 Academiam
1019 493 1248 567 recentiorem
1268 506 1305 567 et

242 618 425 692 Philonem
440 617 557 715 ipsum
580 615 824 710 impugnabat,
847 622 998 688 veterem
1024 614 1119 686 illam
1144 623 1180 687 et
1202 615 1301 710 qnasi

242 742 414 838 triplicem
423 738 663 826 Academiam,
676 737 857 832 antiquam
873 759 998 833 nempe
1012 737 1167 811 Platonis
1182 748 1217 811 et
1229 737 1306 810 Ari-

172 929 175 934 .
242 861 373 936 stotelis
396 858 672 957 philosophiam,
697 859 798 955 cujus
823 857 922 952 quasi
949 858 1116 932 correctio
1142 859 1304 954 quaedam

241 993 315 1057 erat
326 982 521 1057 Stoicorum
538 978 715 1068 doctrina,
733 979 922 1051 tutabatur.

288 1105 357 1178 Pro
368 1104 447 1201 jure
462 1102 604 1198 quidem
625 1123 688 1173 suo
702 1122 738 1173 se
751 1123 851 1194 agere
868 1099 1113 1188 arbitrabatur,
1131 1124 1241 1196 quum
1257 1101 1304 1174 ita

240 1227 495 1302 consentientes
508 1225 599 1297 inter
609 1247 645 1297 se
658 1223 833 1297 doctrinas
845 1201 952 1296 simul
964 1234 1179 1319 sequeretur,
1189 1249 1305 1322 neque

240 1346 481 1421 inconstantiae
507 1345 640 1419 crimen
664 1344 778 1433 obire,
799 1367 910 1439 quum
932 1345 1114 1418 Platonem
1140 1346 1245 1420 simul
1269 1359 1306 1421 et

239 1468 458 1542 Aristotelem
473 1476 508 1540 et
523 1467 697 1539 Zenonem
717 1465 914 1538 invocaret:
931 1466 1024 1561 quod
1036 1467 1189 1562 profecto
1204 1467 1305 1541 intel-

241 1590 299 1686 ligi
317 1613 387 1663 non
403 1596 538 1685 posset,
562 1586 629 1659 nisi
652 1586 935 1659 meminissemus
957 1597 1128 1682 quantum
1149 1611 1189 1662 eo
1211 1599 1303 1662 tem-

239 1734 321 1808 pore
336 1718 479 1782 mutatae
492 1716 609 1781 essent
624 1716 659 1780 et
672 1706 772 1802 quasi
786 1708 972 1803 degeneres
987 1707 1299 1804 Peripatetieomm

240 1843 275 1906 et
300 1832 497 1906 Stoicorum
520 1830 728 1926 disciplinae,
752 1839 994 1925 quantumque
1011 1831 1054 1903 ad
1077 1811 1310 1904 Academiam

124 1966 127 1970 ’
239 1962 390 2027 veterem
407 1952 551 2049 propius
567 1951 732 2025 accedere
750 1961 971 2025 conarentur.

288 2075 436 2148 Maxime
450 2074 592 2170 quidem
605 2074 691 2147 illud
707 2074 743 2146 in
758 2074 883 2148 Stoicis
897 2075 1136 2148 adnotandum
1151 2082 1221 2147 est:
1240 2074 1307 2146 Pa·

241 2195 365 2268 naetius
381 2195 474 2269 enim
496 2205 530 2268 et
547 2195 757 2268 Posidonius
772 2196 947 2291 negabant
966 2195 1038 2268 sola
1058 2194 1183 2298 qirtute
1197 2194 1303 2267 vitam

240 2317 377 2398 beatam
402 2316 492 2390 ellici
513 2339 630 2412 posse,
650 2315 854 2411 divitiasque
878 2325 913 2389 et
932 2307 1114 2390 sanitatem
1135 2326 1170 2389 et
1189 2326 1301 2389 cetera

240 2437 379 2533 generis
396 2438 553 2535 ejusdem
576 2437 678 2511 bonis
705 2437 994 2526 annumerabant.
1019 2437 1173 2532 Uterque
1198 2436 1303 2510 etiam

241 2559 442 2633 conturbari
455 2560 572 2655 ipsum
586 2559 751 2656 sapientis
763 2558 921 2632 animum
933 2559 1107 2648 censebat,
1120 2558 1305 2632 etPosido·

241 2687 320 2759 nius
335 2687 378 2759 de
396 2687 491 2759 omni
506 2688 572 2759 hac
587 2686 790 2782 quaestione,
805 2709 911 2782 quam
923 2686 960 2758 in
975 2663 1064 2759 libro
1076 2686 1156 2783 περὶ
1170 2689 1306 2756 παθῶν

240 2806 488 2904 disputaverat,
514 2831 532 2880 a
555 2789 938 2880 Stoicis'dissentiebat.
961 2806 1184 2895 «Panaetius,
1204 2816 1244 2898 ut
1257 2806 1307 2879 ait

243 2928 584 3019 «Cicerodristitiam
596 2929 742 3002 istamet
752 2928 973 3024 asperitatem
984 2926 1306 3023 fugiensnecacer-

243 3050 412 3123 ubitatem
428 3049 696 3137 sententiarum,
713 3072 776 3122 nec
787 3048 980 3123 disserendi
996 3047 1113 3144 spinas
1131 3048 1304 3144 probavit,

243 3157 475 3267 «semperque
483 3169 651 3243 habuitin
665 3172 723 3243 ore
736 3170 931 3258 Platonem,
940 3168 1175 3258 Aristotelem,
1186 3170 1304 3243 Xeno-

243 3302 417 3380 rcratem,
432 3292 732 3387 Theophrastum,
758 3291 1061 3364 Dicaearchum.»
1083 3289 1186 3363 Haud
1203 3290 1304 3364 aliter

210 3481 212 3484 ,
240 3412 465 3501 Posidonius,
490 3411 648 3508 quicum
663 3413 829 3509 magistro
849 3435 912 3485 suo
928 3412 974 3485 ita
993 3410 1091 3485 fateri
1110 3434 1180 3485 non
1200 3410 1305 3484 dubi-

241 3537 336 3610 tabat
355 3536 439 3632 quid
458 3521 640 3609 emendata
659 3544 898 3632 attemperata
913 3534 978 3607 ista
1001 3534 1198 3608 Stoicorum
1215 3534 1304 3607 ratio

241 3658 393 3753 antiquae
407 3656 635 3755 philosophiae
653 3658 804 3731 deberet.

289 3778 481 3853 Antiochus
496 3802 607 3875 quum
626 3789 696 3852 tres
712 3778 913 3874 disciplinas
932 3778 1023 3852 inter
1039 3801 1076 3851 se
1100 3777 1304 3852 conciliatas

241 3903 277 3974 in
297 3926 405 3975 unam
421 3902 616 3976 doctrinam
631 3902 787 3996 redigere
804 3911 967 3988 tentaret,
990 3901 1171 3974 Platonem
1191 3909 1225 3973 et
1245 3922 1304 3971 re-

278 4173 283 4207 ¹
302 4173 339 4222 De
352 4171 426 4230 Fiat,
441 4172 482 4228 lV,
498 4174 550 4219 9et
563 4173 593 4217 28
