2967 4609
242 351 327 427 illud
340 351 566 454 ἡγεμονικόν,
593 348 680 440 nisi,
701 359 835 424 mutato
850 349 1012 440 nornine,
1033 360 1120 443 νοῦς
1139 353 1305 456 θῐόρθός

241 474 361 571 λόγος,
379 482 414 546 et
427 471 485 545 illa
497 470 547 545 vis
560 471 721 561 interior,
737 495 806 568 qua
819 472 862 546 ad
872 495 928 546 res
938 471 1179 569 percipiendas
1190 472 1307 546 inten-

242 594 362 681 dente,
386 592 586 666 efficiuntur
608 591 738 665 notitiae
760 615 880 666 rerum
901 592 1222 690 et'anticipationes
1244 617 1305 669 seu

242 715 464 818 noohripetc‘?
557 781 565 793 .

294 837 1305 938 rQuatuoresseautemprincipiaomniumrerum,dopna

245 972 341 1041 «τῶν
353 963 459 1056 ὅλων,
480 969 615 1043 volebat
632 970 795 1060 Potam03
820 963 925 1067 τήντε
938 963 1027 1062 ὕλην
1041 969 1103 1042 καὶ
1119 963 1163 1039 τὸ
1176 973 1308 1040 ποιοῦν

243 1097 416 1189 «nolonte
432 1089 485 1167 τό
500 1096 562 1168 καὶ
574 1091 720 1167 τόπον.»
737 1096 787 1169 De
802 1095 858 1169 his
872 1095 1010 1173 duobus
1034 1094 1215 1192 principiis
1229 1118 1309 1190 quae

241 1216 374 1313 priores
388 1227 502 1314 partes
516 1218 692 1308 obtinent,
707 1217 791 1291 hinc
804 1217 948 1294 materia
960 1240 1022 1291 seu
1038 1217 1133 1313 quod
1145 1217 1308 1306 efficitur,

239 1337 336 1412 illinc
346 1361 450 1412 causa
461 1337 652 1429 efficiente,
667 1361 780 1435 quum
794 1360 916 1412 omnes
929 1337 1041 1412 Stoici
1049 1338 1306 1427 consentirent,

241 1459 307 1532 alia
326 1459 488 1533 nonnulli
510 1459 766 1557 adjungebant,
791 1482 943 1555 quorum
964 1459 1008 1533 de
1026 1481 1175 1533 numero
1189 1482 1230 1533 ac
1250 1483 1311 1533 no

241 1580 336 1654 mine
351 1580 443 1654 inter
454 1579 720 1654 sedifferebant.
737 1580 850 1665 Quare
860 1582 1005 1654 Potamo
1018 1602 1129 1676 quum
1144 1581 1312 1677 qualitati

244 1709 279 1774 et
302 1702 377 1774 loeo
393 1701 565 1777 secundas
587 1710 702 1797 partes
722 1699 892 1797 assignat,
916 1702 953 1774 in
974 1701 1030 1775 his
1051 1700 1156 1776 etiam
1176 1700 1310 1775 Stoicos

243 1823 402 1918 sequitur
416 1832 451 1896 et
462 1822 677 1896 Antiochum
689 1822 827 1919 ipsum,
843 1822 916 1919 qui,
930 1822 1085 1896 Varrone
1100 1831 1205 1910 teste,
1220 1845 1310 1918 quo·

247 1951 365 2025 litotes
379 1974 454 2025 esse
469 1950 569 2040 dicit,
585 1950 619 2023 id
635 1960 688 2024 est
701 1944 923 2045 ποιότητας,
938 1972 1025 2045 quas
1039 1948 1090 2022 vis
1103 1948 1257 2022 efficiens
1271 1972 1311 2022 ex

246 2072 390 2145 materia
403 2071 487 2146 huic
502 2094 539 2144 se
551 2070 727 2167 praebente
738 2070 936 2167 expressio.
952 2069 1036 2154 Quae
1048 2077 1167 2143 autern
1180 2068 1223 2143 de
1236 2069 1312 2142 loco

163 2179 166 2183 ⁴
246 2190 438 2265 disserebat
448 2191 773 2287 Potamo,profecto
785 2198 935 2263 traxerat
946 2212 987 2263 ex
997 2189 1056 2268 illa
1065 2189 1223 2263 doctrina
1233 2213 1313 2285 quae

246 2310 335 2384 nihil
348 2311 416 2385 nisi
431 2335 576 2408 corpora
591 2311 815 2399 admittebat,
831 2334 871 2384 ex
885 2310 945 2383 illo
962 2309 1134 2383 Antiocho
1146 2310 1208 2405 qui
1223 2310 1312 2384 nihil

247 2455 324 2507 esse
346 2434 510 2540 censebat
530 2433 624 2530 quod
648 2455 719 2506 non
740 2430 870 2506 alicubi
890 2454 967 2505 esse
982 2439 1175 2527 cogeretur.
1200 2432 1312 2520 11111

247 2554 377 2629 idcirco
393 2555 607 2638 referebatur
623 2555 728 2630 etiam
748 2554 785 2627 in
801 2554 859 2628 illa
875 2553 1089 2627 Varroniano
1110 2554 1314 2651 quadripar-

244 2675 365 2749 titione
380 2699 458 2771 quae
482 2677 630 2750 multam
647 2675 790 2772 quidem
811 2675 1078 2748 similitudinem
1102 2675 1208 2749 hahet
1228 2698 1311 2748 cum

246 2797 497 2873 Potamoniana
512 2797 576 2872 ista
596 2808 746 2894 quatuor
760 2797 1015 2894 principiorum
1031 2795 1310 2871 enumeratione.

296 2918 345 2992 De
371 2918 491 3014 logicis
516 2919 622 3015 igitur
648 2929 683 2993 et
709 2918 861 3016 physicis
895 2942 914 2991 a
945 2918 1142 2993 Stoicorum
1174 2916 1308 2992 ratione

250 3061 356 3133 quam
372 3039 565 3113 Antiochus
583 3040 688 3115 etiam
709 3050 851 3114 secutus
871 3049 964 3129 erat,
978 3040 1124 3113 Potamo
1144 3062 1215 3113 non
1239 3038 1311 3112 dis-

250 3159 431 3233 sentiebat.

300 3280 450 3354 «Finem
462 3304 540 3354 vero
551 3282 594 3354 ad
604 3304 710 3377 quem
723 3280 839 3355 omnia
855 3281 1065 3370 reseruntur,
1076 3280 1126 3354 ait
1138 3279 1311 3370 Laertius,

151 3435 159 3448 ·
251 3400 414 3474 «dicebat
426 3425 500 3476 esse
511 3402 615 3475 vitam
627 3402 723 3475 omni
733 3402 858 3475 virtute
873 3401 1164 3498 perfectam,non
1178 3401 1312 3498 absque

252 3522 434 3617 «corporis
449 3523 666 3597 naturalibus
684 3523 904 3618 externisque
920 3522 1077 3596 homst»
1098 3522 1180 3596 Haec
1195 3532 1314 3596 autem

287 3724 293 3760 ¹
311 3725 467 3775 nocentiores
485 3725 573 3775 1111111
586 3725 645 3775 edit.
663 3740 669 3774 z
687 3716 819 3788 ποιότητά
829 3740 867 3776 τε.
883 3744 917 3755 -
929 3725 964 3773 lb.
986 3715 1011 3786 ἐξ
1033 3707 1063 3775 οὗ
1083 3716 1186 3795 1111119
1203 3706 1251 3790 οὗ,
1269 3714 1314 3774 καὶ

250 3818 329 3900 ποίῳ,
346 3819 392 3877 καὶ
405 3821 432 3877 ἐν
447 3812 479 3900 ᾧ.

285 3920 407 3983 moad,
422 3924 447 3983 1,
462 3926 476 3972 6
490 3927 515 3973 et
528 3926 551 3972 7.

293 4010 389 4078 ὅτεἊος
403 4013 465 4090 δ’ἐφ’
479 4003 501 4092 ᾧ
515 4010 603 4071 πάντα
619 4011 792 4093 ἀναφέρεται,
809 4012 877 4084 ζωὴν
893 4011 963 4071 κατὰ
977 4022 1065 4071 πᾶσαν
1081 4010 1178 4091 ἀρετὴν
1197 4012 1311 4085 τελείαν,

252 4117 298 4175 οὐκ
313 4114 373 4176 ἄνευ
388 4120 439 4175 τῶν
454 4121 499 4174 τοῦ
514 4113 636 4193 σώματος
648 4114 717 4175 κατὰ
732 4115 808 4196 φύσιν
823 4120 927 4194 ἀγαθῶν
942 4116 986 4174 καὶ
999 4119 1051 4174 τῶν
1066 4115 1150 4182 ἐκτός.
