2967 4609
678 232 721 305 51

172 382 422 479 Hieronymus,
442 381 500 455 alii
519 382 563 455 ad
581 382 694 477 prima
711 380 771 454 illa
785 382 981 456 secundum
997 390 1159 457 naturam
1173 384 1235 458 oo

173 503 336 593 tinenda,
358 503 458 601 cujus
484 502 663 577 sententiae
683 481 898 593 Carneades,
923 526 994 576 uon
1011 513 1133 578 auctor
1153 504 1236 594 luit,

174 626 234 700 sed
256 625 417 699 defensor
440 624 632 712 disserendi
656 647 770 698 causa.
793 624 960 722 Voluptas
976 635 1094 699 autem
1119 648 1235 700 semo·

174 748 361 822 vendat
308 757 380 836 est,
405 748 544 822 etitem
565 748 680 822 vacuit
681 771 718 820 as
666 748 869 822 tdoloris
893 747 1015 845 (quae
1006 772 1043 819 rn
1063 747 1236 821 vicinitate

174 869 363 964 versatur),
379 870 519 965 quando
537 869 580 942 ad
598 870 728 975 majora
746 869 818 941 nati
836 892 977 942 sumus:
994 892 1059 943 nec
1076 891 1155 942 vero
1170 868 1236 941 alia

177 999 260 1063 sunt
280 991 465 1085 quaerenda
488 1000 606 1063 contra
633 990 870 1063 Carneadeam
897 990 992 1063 illam
1017 990 1236 1093 sententiam.

177 1109 405 1207 Quocumque
418 1111 510 1185 enim
526 1113 630 1185 modo
644 1133 824 1185 summum
834 1111 969 1184 bonum
983 1111 1032 1184 sic
1044 1101 1239 1208 exponitur,

176 1242 216 1305 ut
229 1231 266 1306 id
285 1242 382 1305 vacet
399 1234 599 1321 honestate,
614 1256 680 1306 nec
697 1232 830 1321 olfrcia,
846 1255 911 1306 nec
922 1231 1065 1306 virtutes
1080 1232 1117 1305 in
1132 1255 1171 1307 ea
1184 1257 1240 1306 ra-

176 1353 285 1442 tione,
300 1377 366 1428 uec
379 1353 540 1428 amicitiae
554 1363 712 1428 constare
727 1363 885 1451 possunt.

227 1475 404 1548 «Exsistet
419 1484 537 1549 autem
553 1474 639 1549 recti
658 1473 746 1548 ratio
771 1485 875 1571 atque
888 1473 1044 1563 honesti,
1061 1498 1139 1570 quae
1157 1497 1239 1549 cum

176 1598 295 1695 aliquo
317 1623 357 1673 ex
378 1599 433 1673 his
456 1599 568 1673 tribus
588 1622 780 1700 congruere
797 1599 924 1697 possit,
941 1610 981 1673 ut
994 1601 1182 1674 honestum
1197 1601 1242 1675 sit
1328 1674 1332 1680 ,

176 1720 295 1794 omnia
316 1722 447 1810 lacere,
473 1730 533 1794 aut
551 1719 737 1818 voluptatis
758 1744 881 1811 causa,
907 1720 1043 1795 etiamsi
1066 1744 1143 1795 eam
1169 1744 1241 1794 non

177 1864 410 1936 consequare,
434 1851 495 1915 aut
519 1860 591 1916 uon
611 1842 769 1931 dolendi,
792 1842 928 1916 etiamsi
946 1842 982 1915 id
1001 1841 1158 1916 obtinere
1180 1867 1242 1916 ne-

130 1947 134 1953 *
179 1986 286 2059 queas
314 1947 405 2060 (duae
433 1963 576 2060 quidem
604 1964 785 2039 sententiae
811 1964 887 2038 sine
911 1963 1091 2060 patrono),
1117 1974 1178 2036 aut
1203 1975 1243 2037 ut.

182 2075 414 2180 adipiscamur
434 2109 512 2181 quae
531 2087 726 2162 secundum
750 2095 911 2159 naturam
933 2084 1019 2174 sint,
1046 2084 1183 2158 etiamsi
1203 2108 1242 2160 ea

181 2229 251 2280 non
281 2230 530 2303 assequamur:
558 2209 633 2283 haec
660 2209 803 2305 quidem
829 2208 931 2282 tertia
954 2208 1020 2282 luit
1045 2208 1244 2284 Stoicorum

179 2328 348 2402 doctrina.

230 2450 322 2524 «Sex
333 2449 441 2546 igitur
455 2460 538 2524 sunt
550 2451 726 2549 simplices
739 2452 782 2524 de
792 2473 930 2524 summa
945 2451 1119 2524 bonorum
1133 2451 1244 2525 malo-

179 2594 329 2668 rumque
350 2570 547 2646 sententiae:
569 2594 719 2668 quarum
742 2581 891 2667 quatuor
910 2579 1052 2646 retentae
1074 2572 1242 2647 desensae-

178 2716 255 2788 que.

230 2817 573 2894 «succlamamus
587 2816 744 2913 duplices
756 2816 985 2913 expositiones
1001 2818 1131 2889 summi
1143 2817 1244 2906 boni,

182 2943 251 3012 tr'es
268 2937 412 3012 omniuo
429 2939 593 3011 luerunt:
605 2960 670 3010 nec
684 2960 763 3010 vero
779 2936 915 3033 plures,
930 2936 958 3009 si
972 2937 1111 3033 penitus
1125 2961 1244 3012 rerum

181 3069 344 3133 naturam
366 3059 503 3149 videas,
524 3083 599 3134 esse
621 3069 821 3156 potuerunt.
849 3059 939 3132 Nam
962 3060 1005 3133 ad
1027 3060 1244 3134 honestatem

181 3181 432 3278 adjunguntur,
454 3191 515 3255 aut
539 3182 712 3278 voluptas,
734 3191 775 3253 ut
796 3180 992 3278 Calliphoni
1010 3171 1245 3255 Dinomacho-

181 3326 249 3399 que
263 3302 396 3400 placuit
402 3330 411 3394 ;
429 3313 489 3376 aut
502 3302 630 3386 doloris
644 3302 811 3391 vacuitas,
826 3304 1041 3394 utDiodoro;
1056 3314 1117 3377 aut
1132 3304 1245 3400 prima

181 3436 394 3516 naturae,ut
413 3426 566 3523 antiquis
588 3449 676 3522 quos
692 3426 833 3500 eosdem
859 3425 1136 3500 Academicoset
1148 3425 1246 3500 Peri-

180 3563 275 3649 patet
276 3553 347 3628 icos
362 3552 597 3625 nominamus.

233 3672 441 3771 «conjunct
433 3695 466 3746 ro
481 3682 598 3746 autem
614 3695 697 3747 cum
714 3673 894 3746 honestate
915 3672 968 3746 vel
985 3615 1149 3769 voluptat'
1141 3695 1181 3745 rs
1126 3670 1244 3745 tvel

181 3818 252 3869 non
277 3795 438 3884 dolendi,
459 3793 529 3867 id
521 3817 636 3891 ipsum
658 3795 784 3868 honest
770 3803 845 3867 tum
863 3793 962 3889 quod
979 3793 1232 3890 amplectit
1159 3792 1247 3881 vult,

182 3917 289 3992 elficit
309 3926 433 4015 turpe3
458 3917 679 3992 obscurantis
701 3926 754 3990 est
777 3939 919 3990 omnem
938 3916 1162 4014 splendorem
1188 3915 1248 3987 ho-

183 4038 346 4129 nestatis,
362 4063 405 4113 ne
420 4039 535 4114 dicam
551 4038 778 4135 inquinantis.

233 4162 406 4235 «Restant
419 4161 525 4258 igitur
539 4162 622 4234 hinc
640 4159 838 4235 Academici
854 4171 889 4234 et
902 4159 1123 4257 Peripatetici
1137 4216 1146 4248 ‚
1162 4159 1245 4232 hinc
