2967 4609
659 229 706 302 lt

201 379 254 453 Ab
268 378 382 453 Attico
398 376 585 474 incipiam,
599 376 660 473 qui
675 376 712 448 in
726 374 944 449 Academicis
955 378 1214 474 posterioribus,
1255 417 1258 422 >

149 504 221 600 jam
239 501 392 575 Varrone
411 496 574 572 Antiochi
589 497 716 595 placita
732 497 906 571 relaturo:
926 496 1044 583 «Quid
1057 501 1215 596 estquod

152 623 290 711 malim,
317 620 382 711 ait,
400 642 505 716 qnam
530 618 574 692 ab
590 617 762 692 Antiocho
779 618 991 715 jampridem
1016 621 1133 694 audita
1161 646 1218 696 re-

153 745 356 832 cordari¹lu
376 744 480 817 Hunc
495 740 656 816 Antiochi
672 741 868 815 auditorem
885 752 919 816 et
932 742 1086 816 amicum
1099 743 1218 833 luisse,

153 877 361 941 nontamen
385 863 621 960 discipulum;
644 864 740 936 hunc
755 862 963 960 philosopho
981 864 1133 937 multum
1158 866 1219 939 de-

152 988 271 1062 buisse
298 986 380 1061 satis
406 995 614 1082 apparetur
641 984 752 1080 ipsius
780 985 823 1058 ad
849 984 1053 1060 Ciceronem
1082 988 1217 1061 verbis:

156 1109 276 1205 «Ergo
291 1107 469 1181 assentiris
483 1103 655 1180 Antiocho
670 1105 832 1190 familiari
845 1129 923 1180 meo
935 1107 1114 1204 (magistro
1124 1109 1218 1181 enirn

156 1253 253 1304 cnon
271 1229 381 1303 audeo
396 1227 525 1323 dicere)
542 1250 694 1323 quocum
709 1227 793 1316 vixi,
816 1238 851 1301 et
874 1227 935 1322 qui
956 1251 1012 1302 me
1034 1253 1074 1302 ex
1091 1230 1219 1303 nostris

156 1373 271 1447 «pene
284 1349 445 1424 convellit
457 1348 605 1422 hortulis
621 1348 832 1444 deduxitque
850 1348 887 1420 iu
900 1346 1125 1423 Academiam
1138 1375 1218 1448 per-

158 1470 348 1568 «pauculis
363 1470 584 1567 pascuost.»

203 1590 356 1665 Aderant
365 1590 404 1675 Q.
415 1590 551 1680 Cicera,
564 1589 669 1664 Tullii
683 1590 800 1679 frater,
813 1601 847 1664 et
860 1591 899 1664 L.
914 1590 1054 1682 Cicero,
1067 1593 1143 1690 ejus
1159 1617 1221 1689 pa-

155 1713 293 1802 truelis,
316 1712 506 1786 admodum
524 1711 725 1786 adolescens
739 1721 775 1786 et
788 1711 946 1786 oratoriae
963 1712 1028 1785 arti
1046 1713 1221 1810 praecipue

158 1834 314 1925 deditus;
328 1834 365 1906 in
380 1832 600 1930 philosophia
615 1833 718 1906 etiam
733 1856 805 1905 non
820 1823 1043 1907 mediocriter
1056 1844 1222 1924 versatus,

158 1957 202 2060 ad
219 1955 451 2029 Charmadam
468 1964 503 2028 et
518 1943 670 2027 mediam
686 1952 910 2027 Academiam
925 1954 1076 2051 rapitur3
1101 1979 1223 2030 crevo-

161 2086 259 2149 catur
281 2087 397 2150 autern
414 2076 458 2150 ab
472 2074 663 2164 Antiocho,
688 2097 753 2148 nec
776 2085 830 2150 est
853 2086 1018 2173 praeterea
1033 2099 1139 2172 quem
1160 2101 1224 2151 au-

160 2196 278 2286 diat3s
306 2196 436 2271 idcirco
466 2194 708 2269 «Antiochum
735 2196 818 2270 satis
842 2196 933 2271 helle
955 2197 1091 2272 videtur
1116 2208 1224 2272 atten-

160 2318 272 2392 deres
288 2327 322 2390 et
338 2318 413 2414 ejus
427 2317 524 2391 valde
537 2317 661 2414 prohat
677 2317 886 2392 sententiam
897 2319 922 2389 ³.

207 2438 311 2512 Nunc
325 2438 477 2535 denique
487 2439 530 2512 de
542 2438 601 2512 illo
617 2448 739 2534 agetur
752 2438 812 2533 qni
827 2437 864 2510 in
877 2439 943 2511 hac
953 2461 1060 2533 quam
1073 2440 1224 2514 diximus

160 2559 432 2657 postmeridiana
457 2559 693 2633 ambulatione
718 2558 912 2655 praecipuas
934 2568 1049 2655 partes
1074 2560 1160 2656 agit,
1190 2561 1225 2634 id

159 2692 212 2755 est
224 2682 267 2755 de
281 2681 407 2755 Pisone
423 2681 501 2771 illo,
516 2666 577 2776 uui
592 2705 611 2754 a
626 2681 671 2754 M.
687 2680 800 2778 Pupio
813 2669 1016 2777 adeptum,
1030 2681 1075 2755 M.
1091 2681 1226 2780 Pupius

160 2802 241 2877 Piso
253 2801 508 2900 Calpurnianus
521 2811 662 2875 vocatus
675 2803 759 2875 est⁸.

209 2925 365 2998 Staseam
378 2924 662 3019 Neapolitanum,
675 2922 948 3019 Peripateticum
960 2923 1224 3021 philosophum,

161 3068 301 3120 summo
318 3046 498 3120 hominem
513 3045 673 3140 ingenio,
694 3044 775 3118 Piso
793 3044 995 3119 adolescens
1017 3046 1147 3124 nultos
1164 3071 1228 3122 an-

162 3190 226 3241 nos
243 3166 414 3241 habuerat
430 3166 523 3264 apud
546 3168 630 3257 se⁵;
654 3189 750 3239 nunc
771 3165 917 3240 Athenis
932 3166 1145 3241 Antiochum
1165 3192 1229 3242 au-

200 3364 207 3397 ¹
224 3363 321 3424 dead,
337 3365 364 3424 l,
378 3368 402 3413 t.

197 3453 209 3489 '²
225 3455 262 3504 De
275 3455 349 3519 Lep,
364 3455 390 3514 l,
405 3457 445 3503 ut.
461 3480 493 3490 -
506 3455 542 3502 Cl.
555 3453 605 3511 in,
620 3454 667 3512 lll,
682 3453 734 3501 init.

195 3540 260 3592 ³Du
276 3542 354 3601 rin„
368 3544 397 3601 v,
412 3547 426 3590 2
441 3545 466 3591 et
479 3545 519 3591 ao.

167 3667 171 3674 -
197 3635 209 3670 ⁴
224 3635 360 3685 Oratoriam
373 3638 451 3684 artem
464 3634 615 3694 meditatus,
635 3634 689 3683 Piso
703 3648 752 3683 non
766 3634 819 3683 sine
832 3635 904 3683 laude
918 3647 1005 3684 causas
1018 3615 1144 3696 arcuerat,
1159 3640 1230 3688 annis

166 3730 308 3776 cos-oto
323 3724 426 3790 (Brut,
440 3740 462 3774 c.
478 3723 533 3789 90),
548 3728 621 3786 atque
634 3724 704 3783 ideo,
717 3724 814 3787 juvenis
827 3726 958 3774 admodum
972 3728 1003 3774 ad
1014 3727 1120 3776 honores
1132 3743 1232 3790 prorec-

166 3822 220 3875 tus,
239 3819 347 3878 quaestor
366 3815 391 3864 in
410 3814 478 3863 ltalia
496 3814 592 3872 luerat,
611 3827 635 3861 a.
655 3815 717 3873 6713
737 3813 826 3862 deinde
839 3814 953 3862 tribunus
966 3814 1012 3863 suit
1024 3817 1115 3878 plebis,
1129 3830 1153 3863 a.
1168 3819 1230 3876 676,

166 3908 229 3964 677;
247 3904 338 3964 aedilis,
358 3919 382 3952 a.
403 3906 465 3962 6793
479 3905 569 3965 proetor
585 3914 616 3949 ex
632 3901 745 3964 llispanis
759 3901 930 3964 triumphavit,
948 3916 972 3950 u.
987 3906 1051 3963 6853
1070 3904 1156 3952 consul
1171 3905 1232 3965 tuit,

167 4007 191 4041 u.
205 3997 263 4042 693.

201 4077 262 4129 ⁵lte
275 4081 358 4130 Stasea
374 4079 466 4128 Pisonis
479 4081 591 4137 doctore,
606 4078 644 4126 De
657 4077 720 4126 Flu.
736 4079 760 4136 1,
775 4082 820 4136 253
835 4079 863 4138 V,
879 4081 907 4137 ³3
921 4103 953 4115 -
968 4079 1004 4127 De
1018 4080 1109 4138 Orat..
1124 4081 1147 4138 l,
1159 4085 1235 4130 tt.-

168 4172 267 4218 §macas
280 4170 345 4231 apud
358 4168 517 4218 Censorinum
530 4167 635 4224 citatur,
655 4180 677 4214 c.
694 4169 733 4214 lt.
748 4192 781 4201 -
794 4167 876 4214 Cicero
889 4169 920 4214 ad
934 4168 1058 4226 Pisonem,
1073 4170 1137 4229 quod
1151 4172 1234 4218 multu
