2967 4609
773 237 821 311 ll

262 383 401 458 diebat¹
427 394 463 458 et
484 381 645 458 Antiochi
674 383 886 481 discipulum
911 385 1008 458 huno
1033 384 1116 459 satis
1139 407 1327 488 agnoscere

262 528 369 603 queas
387 504 448 602 qui
469 504 619 581 maxime
643 505 733 580 inter
757 528 879 581 omnes
902 515 1060 581 movetur
1082 507 1158 581 hoec
1180 507 1255 583 loca
1279 509 1328 582 vi-

261 627 368 717 deno,
396 626 454 700 ubi
477 626 676 701 Academici
690 638 823 702 veteres
841 638 924 701 sunt
943 628 1120 725 disputare
1138 629 1249 717 soliti,
1264 630 1323 726 qui

260 750 417 826 Platonis
433 750 639 824 memoriam
655 759 690 824 et
703 751 889 848 Speusippi
907 760 941 825 et
957 751 1162 826 Xenocratis
1177 762 1212 826 et
1224 753 1327 827 Pole-

260 873 376 947 monis
388 873 852 969 imploransconversusque
865 872 908 945 ad
921 872 1145 947 Ciceronem:
1163 874 1327 947 «audebo

260 1004 312 1083 te,
336 994 401 1083 uit,
426 993 470 1067 ab
496 993 562 1068 hac
584 992 772 1068 Academia
798 1016 885 1068 nova
909 993 953 1067 ad
977 1002 1128 1067 veterem
1151 993 1248 1067 illam
1271 1018 1330 1068 vo·

260 1138 340 1189 care
355 1118 403 1188 ².»

305 1236 383 1310 Non
408 1235 514 1332 igitur
535 1235 711 1310 immerito
735 1236 771 1308 in
793 1235 915 1332 quinto
940 1236 1154 1310 DeFa'cidos
1179 1236 1268 1310 libro
1293 1246 1330 1310 et

257 1356 453 1433 Academiae
460 1358 584 1432 veteris
595 1366 630 1432 et
637 1357 949 1455 Peripateticorum
964 1358 1171 1432 sententiam
1186 1358 1324 1454 exposi-

258 1486 360 1552 turus
376 1479 555 1553 inducitur
568 1478 670 1552 Piso:
690 1504 708 1549 o
730 1478 921 1553 Censemus
939 1488 991 1568 te,
1009 1479 1057 1551 ait
1072 1477 1212 1568 Cicero,
1228 1479 1327 1552 sacil-

261 1598 371 1673 «lime
385 1598 421 1672 id
438 1599 629 1696 explanare·
644 1622 765 1697 posse,
791 1600 885 1695 quod
906 1609 941 1674 et
956 1600 1112 1674 Staseam
1127 1600 1328 1697 Neapolita-

262 1743 378 1793 onum
404 1720 534 1794 multos
557 1743 668 1795 annos
690 1720 855 1795 habueris
879 1722 973 1819 apud
996 1731 1046 1811 te,
1070 1730 1105 1795 et
1128 1721 1328 1819 complures

262 1843 365 1940 ajam
379 1825 519 1917 menses
537 1841 684 1916 Athenis
700 1842 777 1916 haec
797 1842 872 1938 ipsa
885 1852 918 1916 te
931 1864 972 1915 ex
983 1841 1154 1917 Antiocho
1168 1843 1328 1917 videmus

261 1965 471 2060 «exquirere
485 1966 533 2038 ³.»
550 1964 650 2050 Quod
663 1964 692 2039 si
705 1963 785 2061 quis
798 1987 880 2038 eum
893 1973 1067 2061 utparum
1083 1963 1327 2038 sihiconstan·

261 2096 332 2160 tem
347 2087 545 2183 improbare
559 2086 655 2175 velit,
672 2085 899 2182 posteriorem
914 2085 1122 2181 magistrum
1143 2095 1324 2160 auctorem

259 2207 413 2304 prolerre
436 2207 578 2304 poterit,
602 2206 664 2302 qui
690 2206 958 2303 Peripateticum
985 2207 1077 2279 hanc
1103 2205 1327 2304 disciplinam

260 2335 328 2425 qua
346 2328 503 2403 imbutus
525 2353 545 2402 a
565 2328 678 2425 prima
696 2339 797 2403 aetate
817 2329 899 2402 Piso
922 2337 1104 2418 e1·at,>non
1127 2330 1231 2403 modo
1257 2352 1326 2401 non

260 2451 510 2548 impugnabat,
537 2451 597 2526 sed
625 2452 729 2525 etiam
755 2452 854 2548 quasi
878 2474 960 2526 cum
985 2451 1328 2526 Academiaeveteris

260 2572 418 2647 doctrina
433 2574 712 2656 consentientem
730 2574 923 2670 accipiebat
940 2584 975 2672 et
986 2575 1030 2647 ad
1047 2575 1177 2648 iontem
1193 2596 1330 2647 revoca·

259 2704 330 2769 tam
346 2695 659 2792 interpretabatur3
681 2696 728 2769 ita
750 2706 790 2769 ut
806 2696 887 2770 Piso
902 2696 1073 2794 integram
1094 2720 1233 2771 servans
1252 2698 1329 2770 Sta-

260 2840 326 2891 seae
341 2818 566 2907 sententiam,
581 2817 708 2891 Nostro
718 2827 835 2892 tamen
849 2841 885 2892 se
900 2826 1013 2892 totum
1027 2819 1179 2893 traderet
1188 2829 1222 2893 et
1231 2819 1328 2893 hunc

259 2939 386 3013 melius
403 2948 438 3012 et
451 2938 574 3012 lortius
592 2939 768 3014 dicentem
782 2939 894 3037 pluris
908 2941 1037 3014 laceret
1049 2943 1074 3013 ¹.

307 3059 386 3135 Non
413 3059 490 3151 d'm,
514 3069 699 3158 postquam
723 3061 897 3157 proiectus
917 3071 1008 3135 esset
1024 3060 1164 3148 Cicero,
1181 3061 1327 3134 Athenis

259 3354 285 3403 in
298 3369 327 3404 ao
341 3356 412 3403 crant
428 3352 531 3412 litterae,
553 3367 566 3401 a
585 3356 654 3416 patre
672 3355 791 3403 deductus
804 3351 908 3418 (Brut,
928 3367 950 3401 c.
966 3357 1006 3402 90.
1020 3385 1054 3395 -
1069 3355 1108 3403 Ps.
1123 3355 1237 3415 Sallust,
1252 3354 1281 3404 io
1296 3356 1326 3404 Τ.

260 3443 314 3495 cic.
329 3442 438 3492 declam.
451 3468 485 3478 -
499 3440 645 3506 Asconius),
661 3456 717 3492 cum
730 3443 772 3491 illo
786 3444 891 3492 multum
904 3441 993 3501 latine,
1012 3455 1092 3507 graece
1106 3442 1196 3507 saepius
1210 3444 1328 3493 declami-

260 3537 314 3581 tans
326 3535 379 3581 erat
392 3534 570 3580 commentatus
583 3533 608 3580 et
620 3533 685 3593 apud
698 3545 755 3580 eum
768 3532 880 3580 Staseam
893 3530 1019 3580 audiverat
1032 3528 1081 3594 (De
1094 3532 1118 3581 F
1119 3531 1174 3590 im,
1188 3532 1217 3591 V,
1232 3530 1283 3596 25).

294 3621 302 3655 ¹
321 3621 358 3670 De
371 3619 454 3679 Fim,
469 3620 497 3678 V,
512 3623 535 3668 3.
550 3644 580 3656 -
590 3621 625 3670 lte
638 3619 725 3670 Pisone
738 3620 851 3670 Antiochi
863 3618 996 3682 discipulo,
1010 3618 1060 3680 ib,
1074 3633 1096 3669 c.
1112 3622 1137 3679 t,
1151 3623 1175 3680 5,
1190 3624 1215 3679 6,
1229 3623 1270 3680 25,
1285 3622 1326 3669 27.

293 3709 359 3760 2ne
372 3709 452 3769 Filo,
466 3711 494 3770 V,
510 3714 534 3758 3.

291 3804 356 3855 ³110
373 3805 454 3865 Fiet,
477 3806 505 3865 V,
526 3809 549 3853 3.
568 3831 602 3842 -
618 3806 711 3857 Stuscoe
728 3805 875 3871 discipulus,
897 3798 1086 3879 Ἀριςοτέλειον
1105 3823 1198 3858 morem
1216 3808 1328 3870 sequitur

259 3914 284 3960 et
301 3897 501 3981 περιπατητικὰ
517 3909 600 3955 tuetur
617 3905 671 3957 Piso
688 3906 738 3971 (Ad
758 3916 827 3970 Aet,
846 3911 914 3970 hill,
932 3924 971 3973 ep.
992 3912 1032 3958 to.
1046 3910 1131 3959 --be
1149 3911 1212 3960 Not.
1234 3912 1326 3968 Deum,
1466 3881 1469 4026 Ι

259 4005 283 4063 l,
298 4003 336 4070 7)·,
350 4005 426 4053 altera
439 4017 469 4052 ex
482 4003 551 4065 parto
564 4001 675 4050 Antiochi
689 4006 836 4054 sententiam
849 4005 902 4068 eius
916 4005 993 4054 oratio
1007 4005 1175 4066 complectitur
1188 4004 1237 4069 (De
1252 4003 1325 4062 ran,

260 4095 287 4153 V,
304 4092 337 4158 3).

292 4178 493 4242 Ananiam,
509 4186 540 4231 aa
554 4186 578 4232 et
592 4186 632 4231 er.
705 4180 708 4184 ’
