2967 4609
684 266 730 336 67

179 410 461 486 Academicorum
475 412 633 509 priorum
655 423 688 484 ct
705 414 935 511 posteriorum
958 414 1065 488 libros
1085 417 1239 490 conscri—
1285 425 1288 429 ’

178 540 291 629 beret,
311 539 372 615 ubi
388 562 465 635 quae
484 549 583 613 erant
600 550 720 614 contra
739 536 991 639 ἀκαταληψίαν
1007 543 1050 616 ab
1068 543 1239 619 Antiocho

179 660 322 735 collecta
343 660 527 756 diligenter
548 671 763 757 expresserat
783 661 1028 759 copiosiusque
1047 664 1240 755 refellebat,

179 781 224 855 ita
247 789 363 854 tamen
385 791 425 854 ut
443 789 628 877 utramque
649 782 819 855 rationem
846 805 962 856 veram
977 783 1043 857 sihi
1065 784 1192 875 videri,
1207 795 1242 858 et
1330 807 1333 814 ·

109 945 113 951 ·
179 931 215 982 se
236 908 398 984 Antiochi
418 909 560 1005 quidem
579 909 636 983 illa
655 911 878 984 vehementer
893 906 1040 981 medard
1063 911 1241 986 interdum

178 1029 343 1125 probare,
357 1030 412 1103 his
430 1031 526 1104 valde
542 1030 673 1104 moveri
687 1031 853 1104 fateretur
866 1029 890 1104 ¹.

225 1152 313 1226 Eam
326 1152 420 1227 enim
435 1153 494 1226 dat
506 1152 536 1226 ei
550 1151 736 1254 Academia
750 1153 939 1243 licentiam,
953 1163 992 1227 ut
1005 1154 1177 1251 quidquid
1186 1177 1241 1229 ve·

178 1273 427 1347 risimillimum
439 1269 655 1364 occurrat,id
665 1297 728 1349 suo
736 1275 816 1372 jure
828 1275 983 1349 retineat.
993 1276 1109 1361 Quum
1121 1277 1238 1373 igitur,

177 1394 318 1469 liberior
330 1417 370 1468 ac
383 1394 539 1485 solutior,
554 1394 686 1468 nullius
700 1395 891 1492 disciplinae
906 1396 1041 1491 legibus
1053 1396 1240 1471 adstrictus

178 1514 243 1605 sit,
261 1514 346 1610 quid
360 1513 397 1588 in
412 1538 550 1611 quaque
565 1535 618 1605 rc,
633 1515 670 1587 in
688 1538 826 1611 quaque
841 1516 1016 1605 doctrina,
1031 1517 1180 1591 maxime
1195 1518 1241 1591 sit

178 1635 372 1733 probabile,
394 1636 571 1732 requirere
594 1646 629 1710 et
653 1636 840 1711 defendere
857 1637 1020 1711 studebit.
1045 1638 1120 1724 Qua
1139 1639 1238 1713 venia

179 1780 283 1846 usus,
303 1757 523 1832 recensendis
547 1757 836 1854 conserendisque
858 1755 1148 1856 philosophorum
1163 1760 1238 1857 pla-

177 1877 272 1968 citis,
291 1878 465 1975 praecipue
486 1877 582 1952 dedit
600 1901 759 1974 operam,
782 1888 822 1950 ut
841 1901 881 1951 ea
901 1901 979 1974 quae
994 1880 1183 1969 contraria,
1198 1903 1238 1955 ea

177 2020 256 2093 quoe
277 1999 478 2073 communia
503 1999 744 2089 admisissent,
767 2008 902 2073 notaret
929 2010 964 2073 et
988 2001 1238 2097 perpenderet,

176 2119 376 2193 verisimilia
392 2142 540 2217 quaeque
552 2120 759 2194 admitteret.

225 2239 297 2317 Nec
319 2241 418 2315 aliter
439 2241 601 2316 Antiochi
627 2241 814 2316 auctoritas
835 2265 917 2316 eum
938 2244 1178 2318 commovebat
1200 2254 1240 2316 ut

177 2363 480 2462 praestantissimas
494 2384 616 2436 omnes
631 2361 833 2459 disciplinas
848 2364 1021 2437 conferret
1040 2373 1075 2437 et
1096 2364 1188 2438 inter
1202 2389 1239 2439 se

179 2495 420 2581 componeret;
443 2505 549 2581 quem
569 2484 711 2579 quidem
727 2493 869 2557 secutus
884 2484 1019 2575 Cicero,
1042 2508 1101 2560 eos
1121 2485 1238 2582 quiin

177 2605 362 2681 Academia
375 2606 480 2681 veteri
495 2627 576 2680 cum
589 2605 801 2702 Speusippo,
823 2604 1034 2696 Xenocrate,
1048 2607 1238 2681 Polemone

176 2737 393 2817 manserant,
405 2736 441 2801 et
455 2749 513 2802 eos
527 2726 587 2823 qui
604 2721 823 2800 Aristotelem
839 2736 874 2800 et
890 2727 1169 2824 Theophrastum
1184 2752 1240 2804 se-

177 2847 268 2937 cuti,
292 2848 512 2944 Peripatetici
525 2846 636 2920 vocati
657 2857 755 2936 sunt,
779 2847 883 2920 rebus
898 2869 1105 2942 congruere,
1125 2849 1238 2922 verbis

177 2967 323 3065 paulum
338 2969 475 3042 differre
490 2963 678 3042 arbitratus
695 2970 789 3040 est²z
808 2989 874 3041 nec
891 2968 997 3040 luisse
1015 2990 1158 3041 causam
1176 2991 1239 3042 cur

177 3089 221 3163 ab
244 3088 391 3163 istorum
414 3088 634 3185 superiorum
652 3087 870 3162 institutione
888 3088 1096 3162 dissiderent
1113 3089 1238 3180 Stoici,

177 3209 238 3283 sed
252 3207 424 3318 basidem
439 3209 506 3283 alio
519 3208 624 3283 modo
639 3207 765 3282 dixisse
779 3219 832 3298 et,
844 3209 950 3283 rebus
962 3233 1033 3283 non
1045 3220 1239 3284 commuta·

178 3329 238 3420 tis,
254 3327 492 3403 immutabisse
504 3329 686 3419 vocabula,
708 3328 755 3402 ita
769 3339 810 3401 ut
824 3328 915 3403 inter
936 3352 995 3403 eos
1010 3352 1081 3403 non
1098 3352 1237 3418 rerum,

178 3451 239 3526 sed
254 3452 439 3525 verborum
454 3449 625 3524 discordia
639 3458 731 3524 esset
743 3452 768 3522 ³.

225 3570 438 3645 Antiochum
453 3569 557 3645 etiam
573 3570 746 3659 imitatus,
763 3569 850 3642 nihil
866 3570 999 3666 maj0re
1016 3570 1132 3645 studio
1146 3592 1240 3667 quoe«

169 3852 173 3860 ·
214 3840 220 3875 ¹
237 3839 278 3890 Ad
290 3843 345 3892 Att.
360 3842 430 3901 lllll,
444 3855 483 3905 ep.
498 3844 543 3900 19,
557 3846 582 3891 et
596 3840 675 3891 Aead.
690 3842 727 3899 ll,
742 3845 782 3890 35.

210 3927 328 3989 Aruer„
343 3931 388 3990 ΙΙΙ,
404 3934 427 3979 3.
441 3931 514 3989 -ΙΙ,
530 3934 569 3979 30.
584 3949 617 3961 -
631 3930 667 3979 Do
681 3929 754 3993 Lep,
770 3930 797 3987 l,
812 3927 1021 3994 larvatus,
1036 3930 1061 3988 l,
1077 3932 1100 3978 1.
1118 3952 1145 3965 -
1161 3929 1197 3987 ll,
1211 3932 1236 3976 Ξ.

176 4017 269 4077 -ΙΙΙ,
283 4021 307 4067 l.
321 4020 404 4069 -Do
418 4019 505 4077 Orat,
521 4020 566 4078 ΙΙΙ,
580 4021 620 4068 ts.

210 4104 224 4144 ³
240 4107 330 4167 Ture,
349 4108 391 4167 lv,
406 4111 430 4157 3.
444 4108 523 4167 -ll,
538 4110 577 4157 ll.
592 4107 675 4156 -Do
688 4106 762 4170 lea,
783 4107 806 4164 l,
821 4109 867 4164 1³,
884 4109 931 4164 2⁰,
946 4109 987 4156 st·
1002 4106 1086 4155 -Da
1100 4105 1178 4163 Firc,
1194 4105 1237 4162 ΙΙΙ,
1296 4171 1300 4178 ⁵

180 4194 704 4256 Ι,α,5,α,αα,αε.-Δεαα.,μη.
