2967 4609
694 251 717 324 tt

175 399 243 473 fide
259 408 295 473 et
317 398 359 471 iis
380 398 489 473 animi
507 398 648 473 dotibus
663 398 793 494 quibus
810 399 1042 476 conciliantur
1058 400 1240 489 homines,

174 544 282 618 quam
296 521 427 596 viribus
443 521 574 619 ingenii
589 532 770 620 praestaret
779 525 804 595 ¹.

209 641 316 716 Nova
332 643 492 739 quaedam
507 654 757 734 commoverat3
786 643 930 742 propius
954 644 1049 717 enirn
1064 644 1107 717 ad
1123 644 1240 719 Plato·

174 767 230 839 nis
240 767 436 841 doctrinam
449 767 678 841 accedebatet
687 766 730 840 ad
739 767 815 865 ejus
825 766 1067 842 auctoritatem
1077 767 1240 863 legesque

173 886 400 962 Academiam
417 910 578 962 revocare
598 887 812 980 conabatur;
835 910 946 984 quum
963 898 1080 962 autern
1102 888 1240 963 Arcesi-

175 1008 246 1083 lam
269 1018 304 1084 et
326 1007 539 1083 Carneadem
554 1019 589 1114 et
601 1008 860 1083 Clitomachum
882 1009 926 1084 ab
950 1008 1009 1084 illo
1034 1009 1240 1084 dissensisse

176 1139 337 1225 negaret,
351 1152 459 1203 unam
480 1129 714 1204 contendebat
733 1152 809 1204 esse
829 1129 1065 1205 Academiam.
1081 1131 1151 1205 Res
1166 1131 1242 1227 qui·

175 1251 255 1325 dem
279 1273 337 1324 eas
355 1273 432 1325 esse
449 1274 529 1347 quae
550 1259 674 1325 natura
689 1261 947 1347 cognoscantur
962 1252 1159 1341 affirmans,
1174 1252 1240 1326 isto

174 1382 291 1446 tamen
303 1371 426 1462 modu,
443 1395 512 1468 quo
526 1371 632 1447 Stoici
647 1372 792 1462 vellent,
808 1373 1059 1471 comprehendi
1074 1372 1240 1469 negabat,
1276 1460 1279 1465 ¹

175 1492 271 1567 etita
285 1492 438 1589 aliquid,
461 1515 532 1567 non
548 1493 664 1568 omnia
678 1493 891 1583 concedens,
905 1492 1094 1590 pristinum
1109 1494 1240 1568 scholae

176 1624 295 1687 contra
318 1614 451 1688 Stoicos
468 1624 646 1688 certamen
660 1613 862 1689 retinuerat.
886 1615 937 1689 Ea
957 1614 1024 1689 luit
1043 1624 1166 1710 quarta
1181 1615 1240 1689 illa

175 1758 254 1831 quae
268 1736 360 1832 apud
376 1736 547 1831 quosdam
563 1735 899 1811 diciturAcademia.

222 1856 381 1930 Philonis
404 1857 535 1930 multos
555 1879 666 1931 annos
685 1857 880 1932 Antiochus
903 1857 970 1930 luit
992 1857 1186 1955 discipulus
1207 1867 1242 1932 et

174 1976 315 2075 scripsit
335 1978 378 2052 dc
399 1978 455 2052 his
473 1977 578 2052 rebus
602 1978 850 2068 acutissime23
869 1977 994 2052 deinde
1013 1978 1171 2075 magistri
1187 1979 1241 2076 ip·

175 2095 248 2173 sius
262 2110 404 2175 secutus
427 2101 643 2198 exemplum,
665 2110 706 2175 ut
727 2100 829 2174 Philo
850 2100 1140 2175 Academicarum
1158 2123 1241 2177 sen·

176 2221 365 2296 tentiarum
389 2223 621 2320 integritatem
645 2222 799 2313 laeserat,
828 2223 874 2297 ita
893 2223 1019 2297 Noster
1041 2246 1060 2298 a
1080 2223 1240 2298 Philonis

174 2346 345 2421 sententia
360 2346 492 2421 destitit
510 2357 546 2422 et
563 2349 639 2421 haec
657 2346 832 2421 accusavit
846 2369 924 2443 quae
938 2357 1039 2421 antea
1054 2346 1241 2421 defensita-

176 2477 270 2541 verat
282 2469 307 2539 ³.

225 2587 396 2662 Censebat
405 2588 500 2663 enirn
514 2587 707 2662 Antiochus
720 2588 808 2662 duas
820 2587 990 2663 exstitisse
1001 2588 1239 2679 Academiasl,

176 2730 284 2781 unam
306 2709 468 2784 videlicet
488 2709 662 2799 Platonis,
687 2733 766 2805 quae
791 2731 911 2783 verum
934 2733 953 2783 a
975 2710 1061 2785 salso
1082 2710 1239 2806 dignosci

175 2851 276 2926 posse
290 2830 392 2904 vellet
405 2841 441 2904 et
451 2831 611 2926 quaedam
630 2852 693 2926 pro
709 2830 813 2904 certis
830 2831 1075 2904 confirmaret:
1093 2831 1238 2904 alteram

174 2972 254 3024 vero
267 2950 311 3024 ab
326 2950 480 3025 Arcesila
494 2973 607 3047 usque
621 2949 665 3024 ad
679 2949 864 3023 Philonem
879 2950 1057 3023 duravisse
1070 2974 1149 3047 quae
1163 2952 1240 3025 uni·

174 3074 225 3147 hil
240 3074 371 3172 percipi
385 3098 503 3174 posse,
523 3074 611 3147 nulli
626 3073 677 3148 rei
695 3073 821 3148 debere
836 3073 996 3148 assentiri
1004 3103 1035 3164 ,a
1050 3076 1240 3150 contende·

174 3205 236 3269 ret.
252 3195 351 3269 Hanc
363 3205 479 3282 autem
494 3194 744 3292 impugnabat,
770 3193 819 3266 illi
837 3194 1078 3269 consentiebat
1090 3195 1237 3271 Noster:

174 3316 220 3391 ita
235 3327 275 3391 ut
287 3317 332 3390 ad
346 3317 500 3391 Platonis
515 3326 685 3415 praecepta
701 3316 831 3413 quibus
846 3316 946 3413 quasi
964 3316 1092 3391 invitus
1113 3329 1148 3391 ct
1162 3317 1238 3391 ius·

175 3438 250 3513 cius
265 3439 430 3535 magister
441 3439 796 3536 appropinquaverat,
811 3438 1005 3535 discipulus
1020 3449 1138 3534 aperte
1152 3440 1240 3513 redi·

175 3571 242 3652 ret3
256 3570 302 3650 et,
312 3559 453 3633 si'lullii
463 3560 565 3633 verba
577 3582 747 3657 usurpare
759 3559 851 3650 licet,
864 3559 922 3631 vin
935 3559 1080 3639 domum
1089 3570 1239 3634 veterem

207 3743 215 3779 ¹
232 3744 370 3803 Plutarch,
384 3745 409 3793 ll.

209 3830 334 3892 Mean,
356 3833 391 3892 ll,
409 3836 449 3881 22.
468 3858 500 3870 -
519 3833 555 3881 Gi.
574 3832 623 3892 ib,
642 3845 664 3880 c.
685 3835 716 3890 9,
737 3835 752 3879 t
771 3835 796 3880 ct
813 3833 853 3879 19.
868 3829 1010 3890 -Acud,
1025 3832 1048 3890 l,
1063 3835 1078 3880 t
1091 3832 1175 3880 atalia
1188 3833 1237 3880 Cic.

174 3934 262 3984 opera,
277 3921 379 3984 passim.
390 3953 424 3964 -
436 3921 540 3970 Numen.
555 3934 595 3983 ap.
611 3921 699 3969 Euseb.
715 3920 806 3983 Proep..
815 3933 870 3979 eu,
885 3920 946 3979 lllV,
960 3923 985 3969 9.
996 3921 1156 3985 -August,
1172 3921 1239 3972 Gon·

176 4014 220 4057 tro
233 4007 329 4068 dead„
344 4010 382 4068 ll,
395 4007 410 4073 S
423 4011 469 4068 153
483 4009 530 4068 lll,
547 4007 615 4072 stt.

208 4095 333 4156 Meam,
349 4098 383 4160 ll,
397 4101 438 4147 99.
452 4130 486 4141 -
499 4098 534 4146 Cl.
549 4098 598 4157 ib,
614 4100 655 4146 le.
669 4123 703 4133 -
715 4098 854 4156 Plutarch,
871 4098 923 4147 Vit.
938 4098 1014 4157 Luc,
1029 4113 1053 4161 p.
1069 4100 1126 4147 tte.

207 4187 220 4226 ⁴
234 4191 268 4240 lie
281 4205 310 4240 ca
324 4190 404 4240 Nostri
416 4204 472 4240 cum
486 4190 585 4239 Philone
597 4190 763 4247 dissensione,
780 4204 803 4236 r.
821 4187 917 4248 Acud.,
932 4189 966 4248 ll,
982 4192 1005 4237 t.
