2967 4609
679 272 727 345 15

173 421 337 496 Pisonem
366 427 623 494 commoratum
649 441 724 494 esse
753 397 910 508 constat,
937 441 1048 516 quum
1078 424 1236 519 sequenti

173 564 266 618 anno
283 543 404 617 Romae
418 540 599 616 tribunatu
611 540 709 639 iungi
724 540 894 617 debuerit.

221 760 276 834 llli
288 759 432 857 quidem
445 770 545 834 erant
555 758 700 834 Athenis
713 758 891 836 Ciceronis
903 761 1090 837 familiares
1104 772 1139 838 et
1153 788 1236 839 cum

173 884 233 959 illo
246 882 409 958 Antiochi
424 882 610 959 auditores.
623 882 702 957 Non
717 893 835 958 autem
850 906 972 959 omnes
993 887 1237 961 recensuimus

174 1009 414 1083 Romanorum
444 1006 672 1081 electissimos
706 1005 835 1104 quibus
867 1030 949 1082 cum
976 1007 1149 1085 Antiocho
1177 1022 1238 1085 aut

173 1129 286 1205 amico
301 1138 362 1204 aut
376 1129 540 1226 magistro
556 1152 641 1203 usus
656 1128 731 1202 luit.
1101 1123 1105 1131 ’

221 1254 378 1339 Quorum
391 1274 569 1328 enumero
583 1276 664 1327 ecce
672 1251 856 1327 Terentius
865 1253 939 1350 ipse
948 1254 1057 1330 Varro
1068 1256 1238 1346 occurrit,

172 1375 388 1450 doctissimus
400 1374 647 1462 Romanorum,
664 1373 814 1448 nobilior
833 1375 986 1472 prolecto
1001 1376 1054 1449 vir
1070 1398 1177 1473 quam
1198 1388 1238 1453 ut

172 1498 249 1594 ejus
262 1495 440 1584 memoriae
455 1495 491 1568 in
506 1496 574 1570 hoc
591 1495 720 1592 scripto
735 1495 974 1570 consulamus

222 1617 323 1715 Apud
335 1640 418 1693 eum
433 1616 592 1714 quidem,
605 1638 715 1714 quum
728 1617 769 1691 L.
778 1617 911 1691 AElium
922 1618 1080 1694 Stoicum
1093 1643 1112 1695 a
1123 1619 1237 1718 primo

173 1750 327 1836 tempore
342 1737 452 1813 aetatis
469 1737 676 1835 magistrum
691 1737 904 1829 habuisset¹‚
914 1740 1068 1815 multum
1086 1742 1236 1816 valuisse

174 1862 311 1936 ridetur
324 1860 521 1935 Stoicorum
537 1859 741 1951 auctoritas,
764 1883 835 1936 non
857 1872 973 1935 tamen
992 1872 1033 1936 ut
1052 1862 1238 1939 Philonem

172 1983 324 2074 audire²‚
342 1991 403 2056 aut
415 1980 628 2056 Antiochum
644 1990 805 2055 nostrum
821 1982 1007 2057 omitteret.

220 2104 340 2178 Cicero
363 2113 398 2178 et
417 2101 636 2200 Augustinus
655 2112 853 2177 memorant
868 2103 1059 2179 Varronem
1073 2103 1237 2180 Antiochi

171 2226 377 2301 familiarem
400 2235 435 2300 et
454 2224 649 2300 auditorem
673 2225 796 2317 luisse,
820 2228 965 2325 ejusque
985 2219 1146 2303 secutum
1161 2253 1237 2305 esse

172 2349 412 2423 sementiamt
427 2347 563 2422 ldcirco
573 2347 693 2422 Cicero
706 2348 742 2421 in
755 2347 973 2423 Academicis
979 2350 1235 2446 posterioribus,

171 2493 282 2567 quum
296 2469 392 2544 nulla
409 2468 521 2566 aptior
536 2491 683 2566 persona
700 2468 877 2543 videretur
891 2468 935 2543 ad
949 2468 984 2542 id
1006 2468 1236 2567 philosophiae

170 2620 300 2695 genus,
316 2621 394 2695 quae
408 2608 508 2673 erant
518 2607 639 2671 contra
651 2592 909 2693 ἀκαταληψίαν
917 2596 1083 2694 praeelare
1094 2597 1236 2674 collecta

169 2724 544 2802 abAntiochollarroni
555 2719 890 2818 dabat’Auciolsiav
900 2724 1071 2800 rationem
1080 2736 1116 2800 et
1125 2735 1235 2801 totam
1325 2717 1329 2722 ’

168 2853 412 2931 Academicam
424 2848 594 2939 σύνταξιν
607 2853 652 2928 ad
665 2854 857 2929 Varronem
872 2855 947 2928 hacc
963 2854 1059 2929 valde
1073 2854 1230 2951 proban·

170 2987 256 3067 tem,
279 2977 334 3051 his
355 2976 504 3051 maxime
528 2974 738 3049 delectatum
756 2974 1039 3065 transducebat⁸;
1060 2996 1171 3072 quum
1186 2974 1237 3048 illi

170 3097 262 3172 hanc
271 3085 915 3185 alteramAcuriemicoronteditionem
925 3105 1122 3171 commotus
1133 3096 1236 3170 Attici

170 3218 306 3309 litteris,
319 3219 451 3293 dicaret
462 3229 497 3293 et
507 3219 674 3292 mitteret:
691 3217 789 3291 «Tibi
804 3218 896 3308 dedi,
906 3215 1238 3315 aiebat‚partesAn·

172 3339 387 3430 ‹tiochenas
397 3339 711 3437 quasateprobari
721 3338 929 3414 intellexisse
939 3338 1027 3412 mihi
1036 3337 1234 3413 videbari.»

219 3460 397 3545 Quantum
407 3460 553 3535 Varroni
566 3459 735 3557 profuerit
743 3459 950 3549 Antiochus
962 3482 1068 3556 quam
1079 3458 1237 3555 magistri

206 3691 213 3728 ¹
230 3693 265 3743 bo
282 3692 343 3742 AElio
363 3692 478 3742 Varronis
495 3691 628 3758 magistro,
646 3707 670 3741 v.
691 3689 788 3752 Acuti„
805 3692 830 3752 l,
845 3694 869 3740 Ξ.
888 3723 922 3734 -
934 3690 1027 3751 Brut,
1041 3705 1064 3739 c.
1079 3693 1119 3740 56.
1132 3723 1166 3734 -
1178 3693 1234 3741 Aul.

172 3783 232 3832 Gall.
247 3782 271 3842 l,
285 3796 308 3842 c,
323 3785 368 3843 183
382 3781 448 3841 lllll,
462 3795 476 3831 c
500 3784 566 3830 8.-
578 3780 718 3845 sepissime
730 3781 851 3831 citabatur
863 3780 940 3830 AElius
952 3780 978 3830 iu
990 3781 1059 3831 libris
1072 3780 1187 3830 Varronis
1199 3780 1237 3830 Do

171 3871 265 3936 linque
278 3870 375 3922 latinu.

204 3958 330 4020 Hebri„
344 3960 368 4020 l,
383 3963 395 4010 1
410 3963 435 4011 et
449 3963 473 4010 t.

203 4046 329 4108 ΗΜ,
344 4049 367 4110 Ι,
383 4054 414 4109 ³,
426 4053 457 4110 t,
472 4052 500 4109 9,
516 4051 597 4098 ta—
608 4050 728 4114 August„
742 4047 798 4099 Cio.
814 4046 877 4107 Dei,
892 4048 959 4108 xlx,
973 4063 996 4097 c.
1012 4051 1035 4097 3.

204 4135 218 4174 ⁴
232 4137 274 4188 Ati
287 4137 357 4197 Aet,
372 4138 439 4198 lllll,
453 4152 492 4202 ep.
508 4141 553 4198 Η,
567 4139 613 4198 13,
627 4139 658 4187 io
671 4141 696 4188 et
709 4140 750 4188 19.

206 4223 219 4263 ⁵
235 4225 274 4277 Aa
286 4226 362 4286 Dio,
378 4228 424 4286 lx,
438 4241 478 4291 ep.
493 4231 517 4276 8.
