2967 4609
685 218 728 291 ll

228 363 347 439 «Cum
367 362 538 439 venissem
550 363 723 453 Athenas,
741 363 790 436 ait
803 362 897 461 ipse,
917 386 975 438 sex
998 385 1137 439 menses
1153 387 1236 439 cum

179 486 393 577 «Antiocho,
407 488 530 562 veteris
549 487 746 563 Academiae
761 486 979 561 nobilissimo
993 496 1029 561 et
1041 487 1243 585 prudentis·

179 608 296 683 «simo
318 608 547 706 philosopho,
571 607 638 698 lui,
657 608 885 704 studiumque
900 607 1129 705 philosophiae
1145 632 1241 681 nun·

179 709 318 828 nquam
337 731 593 821 intermissum,
608 754 627 805 a
642 730 824 828 primaque
839 728 1073 805 adolescentia
1091 728 1243 821 cultum,

179 861 244 925 «et
255 873 393 950 semper
408 861 571 942 auctum,
586 853 654 928 hoc
669 875 793 926 rursus
805 874 944 926 summo
956 861 1098 926 auctore
1114 860 1150 924 et
1160 851 1244 925 doc-

179 998 197 1043 n
210 983 283 1047 tore
296 974 455 1049 renovavi
464 977 513 1047 ¹.»
528 974 642 1072 Atque
655 973 733 1048 ideo
746 973 918 1048 Antiocho
931 996 1070 1070 semper
1082 972 1173 1047 inter
1185 994 1244 1047 eos

177 1117 197 1167 a
213 1094 343 1190 quibus
362 1094 544 1171 institutus
559 1106 634 1171 erat
647 1096 836 1171 honestum
851 1095 971 1170 locum
986 1094 1125 1185 tribuit,
1145 1116 1246 1169 cum-

177 1217 258 1291 dem
275 1217 489 1314 familiarem
512 1240 618 1292 suum
642 1218 780 1293 dictitat
803 1217 993 1315 testarique
1013 1217 1101 1293 solet
1121 1216 1243 1314 quanti

176 1361 257 1414 eum
273 1340 395 1415 saciat:
424 1340 512 1413 «Vir
525 1340 610 1436 iste,
628 1340 694 1431 ait,
710 1341 777 1414 luit
795 1340 854 1414 ille
876 1340 1020 1437 quidem
1038 1339 1193 1438 prudens
1208 1348 1245 1414 et

177 1472 302 1536 acutus
323 1461 413 1537 etin
432 1484 497 1536 suo
510 1485 635 1559 genere
649 1462 834 1559 perlectus.
854 1503 904 1516 -
922 1461 1044 1535 Amavi
1061 1460 1245 1536 hominem

178 1582 271 1656 sieut
286 1583 344 1659 ille
358 1606 435 1673 me,
448 1606 553 1681 quem
562 1583 683 1682 judico
693 1582 943 1682 politissimum
954 1592 990 1658 et
1000 1582 1245 1657 acutissimum

178 1703 337 1780 omnium
370 1715 498 1780 nostra
525 1705 703 1781 memoriae
730 1705 1033 1803 philosophorum.
1063 1747 1114 1760 —
1138 1704 1245 1778 Illum
1287 1758 1290 1762 ψ

177 1826 320 1922 quidem
333 1849 395 1923 ego
411 1849 548 1923 semper
562 1826 683 1918 dilexi,
698 1849 827 1923 meque
839 1826 882 1900 ab
897 1849 938 1901 en
953 1825 1051 1922 diligi
1066 1826 1159 1900 sensi
1169 1829 1219 1899 ².»

229 1946 409 2044 Praecipue
440 1958 557 2021 tamen
594 1946 654 2022 hic
687 1946 1038 2021 commemorandum
1075 1957 1128 2020 est
1165 1946 1245 2020 libri

177 2068 291 2164 quinti
304 2068 356 2142 De
368 2069 511 2143 Finibus
525 2068 737 2168 prnoemium
756 2068 866 2158 illud,
887 2067 925 2142 in
942 2090 1012 2165 quo
1030 2067 1150 2142 Cicero
1170 2068 1246 2167 ipse

176 2199 297 2263 narrat
328 2212 366 2264 se
396 2200 443 2285 et
457 2190 603 2265 Athenis
631 2199 891 2265 commoratum
919 2213 1014 2279 esse,
1044 2200 1079 2264 et
1103 2188 1245 2265 solitum

176 2310 297 2385 audire
314 2311 470 2408 quotidie
490 2311 704 2387 Antiochum
719 2312 757 2385 in
772 2335 812 2387 eo
827 2313 1025 2409 gymnasio,
1048 2312 1143 2409 quod
1163 2313 1246 2387 Pto·

177 2430 340 2506 lemaeum
367 2434 565 2508 vocabatur.
595 2434 673 2508 lam
701 2432 797 2508 enim
823 2433 1050 2507 hortos‘illos
1076 2455 1147 2506 non
1170 2433 1246 2508 sinc

178 2574 282 2627 causa
299 2553 498 2628 nobilitatos
509 2611 518 2643 ,
531 2555 592 2629 sed
613 2554 762 2651 septimo
778 2563 858 2628 ante
873 2577 966 2627 anno
981 2552 1102 2651 aSylla
1115 2609 1124 2643 ,
1137 2564 1178 2627 ut
1190 2554 1245 2628 vi·

178 2673 292 2765 detur,
309 2685 476 2765 vastatos,
492 2675 692 2752 Academici
709 2677 953 2768 deseruerant3
973 2685 1015 2750 et'
1033 2675 1069 2749 in
1092 2687 1246 2774 postme-

177 2795 312 2870 ridiana
327 2796 385 2871 illa
399 2797 652 2888 ambulatione,
671 2797 793 2874 Cicero
806 2808 841 2872 et
852 2798 957 2872 amici
972 2799 1048 2896 ejus
1066 2820 1137 2871 non
1152 2798 1245 2872 Aca·

177 2915 329 2990 demiam
344 2917 498 2993 invisunt
513 2929 551 2993 ut
567 2918 751 3016 magistros
767 2919 1000 3016 disceptantes
1013 2917 1169 3009 audiant,
1182 2918 1244 2993 sed

176 3048 216 3111 ut
227 3061 448 3113 summorum
465 3040 619 3114 virorum
643 3040 773 3137 quibus
786 3039 973 3114 Academia
989 3041 1109 3116 ssoruit
1125 3064 1246 3116 recor-

178 3159 316 3237 datione
331 3162 557 3238 delectentur.
573 3163 613 3236 ln
629 3163 684 3238 his
700 3163 820 3261 spatiis
833 3163 929 3237 omni
944 3165 1047 3239 turba
1060 3165 1195 3255 vacuis,
1207 3164 1245 3239 in

178 3281 235 3355 illa
251 3282 456 3373 solitudine,
477 3283 571 3358 venit
584 3284 652 3357 illis
667 3284 823 3359 Platonis
839 3284 875 3357 in
891 3295 1067 3375 mentem,
1086 3296 1121 3359 et
1138 3286 1246 3384 Speu-

179 3403 268 3500 sippi
280 3413 315 3478 et
327 3404 532 3478 Xenocratis
548 3416 582 3479 et
595 3405 817 3496 Polemonis3
835 3406 908 3503 ipsc
923 3415 1041 3480 autem
1056 3406 1176 3480 Cicero
1189 3407 1245 3480 his

179 3524 263 3621 ipsis
277 3524 363 3599 locis
375 3527 419 3599 ad
433 3526 591 3602 altiorem
605 3526 813 3601 memoriam
829 3550 925 3601 novae
939 3526 1033 3601 illius
1048 3527 1245 3603 Academiae

215 3721 222 3757 ¹
240 3723 354 3780 Brutus,
368 3737 390 3770 c.
406 3725 446 3771 tt.

212 3810 225 3846 2
239 3813 273 3860 De
290 3812 405 3861 Cicerone
423 3811 534 3860 Antiochi
546 3811 665 3875 discipulo
678 3815 704 3861 et
717 3811 831 3861 familiari
844 3813 916 3862 vide:
932 3812 1028 3872 dead„
1043 3815 1068 3873 l,
1083 3818 1097 3863 l
1110 3819 1136 3864 et
1149 3818 1194 3874 123
1210 3816 1245 3874 ll,

181 3905 226 3961 31,
245 3905 289 3961 85,
308 3903 533 3953 to...be1tat.
551 3902 645 3960 Deum,
666 3902 775 3960 1,a.-
789 3902 827 3950 Dc
841 3902 922 3962 Fiet,
936 3903 964 3961 v,
980 3905 1008 3962 1,
1023 3907 1055 3952 25
1068 3907 1093 3952 et
1107 3906 1148 3952 27.
1161 3937 1195 3947 -
1209 3905 1247 3954 lte

181 3990 671 4055 tep.‚1,21.-rore.,v,aet1o;
687 3991 732 4049 lll,
746 3991 921 4055 25.-Frup.
936 4004 990 4055 ep„
1004 3992 1036 4044 ad
1049 3992 1074 4039 G.
1090 3993 1202 4041 Pansam.
1213 4018 1247 4030 -

180 4081 215 4129 ct.
231 4079 368 4131 Paradae.
383 4083 492 4134 Prooem.
506 4112 540 4124 -
553 4080 631 4141 erut,
649 4079 700 4130 l't‘t.
716 4078 785 4140 cic,
800 4096 816 4144 p
839 4082 896 4129 862.
918 4106 951 4118 -
970 4082 1029 4131 Aur.
1045 4080 1121 4141 tint,
1137 4081 1174 4132 Dc
1190 4082 1244 4134 Vir.

181 4167 237 4228 itt,
250 4184 273 4219 c.
289 4172 329 4219 at.
