2967 4609
680 217 726 290 63

170 370 402 449 necessariam
415 368 654 456 arbitraretur,
667 365 761 439 haud
775 365 1011 440 aliterVarro:
1030 363 1158 444 «Nulla
1169 378 1234 459 est,

173 493 331 590 linquit,
346 490 482 566 homini
493 512 596 564 causa
612 487 899 586 philosophandi,
912 488 980 561 nisi
990 498 1031 563 ut
1043 489 1166 565 beatus
1179 491 1233 564 sit.

172 615 297 701 «Quod
315 623 433 687 autem
451 612 593 685 beatum
612 609 711 699 lacit,
734 609 808 706 ipse
823 619 875 683 est
888 610 968 684 finis
983 610 1085 683 boni:
1102 635 1234 707 quam-

173 739 320 813 «obrem
338 758 416 831 quae
437 734 575 807 nullum
593 733 677 806 boni
697 733 804 806 linem
827 742 991 822 sectatur,
1006 734 1103 807 nulla
1118 736 1234 831 philo-

159 859 330 957 'csophiae
346 866 438 932 secta
452 855 598 929 dicenda
613 856 721 928 esth»
798 903 801 911 -

220 982 404 1075 Idemque,
417 978 459 1052 de
473 986 545 1049 tam
560 975 671 1048 multa
682 985 857 1050 sectarum
871 975 1035 1050 varietate
1048 971 1235 1068 disserens,

172 1100 347 1178 recensuit
368 1108 491 1188 sectas
521 1121 592 1171 non
621 1120 699 1193 quae
723 1097 798 1194 jam
822 1107 955 1186 essent,
977 1098 1038 1171 sed
1062 1121 1140 1194 quae
1161 1123 1236 1174 esse

117 1307 120 1312 ,
171 1233 329 1322 possent3
344 1221 438 1296 etita
452 1221 632 1317 inceptum
648 1218 734 1292 illud
750 1228 954 1315 persecutus
969 1229 1041 1308 est,
1056 1229 1097 1293 nt
1109 1220 1233 1295 Antio·

107 1371 114 1376 ·
173 1347 280 1420 chum
292 1343 413 1441 ipsum
426 1341 625 1439 diligentius
640 1351 676 1415 et
689 1340 852 1414 subtilius
868 1340 933 1414 ista
946 1351 1163 1415 scrutantem
1175 1366 1236 1417 au-

172 1465 246 1540 dire
257 1465 469 1539 videamurl.

222 1585 276 1659 Ab
290 1584 345 1658 his
362 1584 458 1660 enim
472 1584 584 1659 oritur
598 1608 676 1680 quae
690 1582 852 1658 homines
867 1583 943 1658 sine
960 1584 1146 1681 magistro,
1161 1584 1236 1659 sine

173 1705 245 1780 ullo
258 1705 423 1780 doctrinae
437 1704 668 1795 adminiculo,
681 1705 756 1779 sirie
770 1705 941 1779 industria
956 1715 991 1779 et
1002 1716 1075 1779 arte
1087 1705 1238 1795 vivendi,

172 1828 266 1902 velut
275 1826 491 1916 naturaliter,
504 1830 690 1924 appetunt3
703 1837 738 1902 et
748 1850 788 1900 ex
799 1827 855 1899 his
868 1826 1060 1923 principiis,
1073 1850 1151 1922 quae
1163 1849 1239 1902 esse

174 1949 309 2045 possint
324 1948 523 2038 sententiae,
541 1948 651 2034 variis,
662 1947 827 2022 adhibitis
843 1939 1063 2037 differentiis,
1079 1948 1239 2044 exsequi-

176 2080 249 2158 tur3
259 2093 406 2165 quarum
419 2093 529 2165 quum
540 2069 701 2167 plurimae
715 2069 786 2143 sint
795 2069 1003 2167 rejiciendae,
1016 2079 1086 2143 tres
1099 2080 1237 2143 tantum

176 2201 379 2286 supersunt,
395 2214 506 2287 quum
522 2190 575 2266 vel
589 2190 698 2265 virtus
715 2201 750 2265 et
765 2191 878 2288 prima
895 2202 1048 2281 naturae,
1066 2199 1144 2287 quac
1160 2191 1235 2287 pri-

174 2311 325 2408 migenia
348 2312 452 2401 dicit,
472 2322 613 2409 propter
626 2312 739 2410 seipsa
757 2313 892 2409 possint
907 2313 1035 2409 expeti,
1055 2313 1108 2386 vel
1122 2312 1236 2409 prima

174 2444 309 2509 naturae
323 2444 464 2531 propter
477 2435 656 2523 virtutem,
672 2434 724 2507 vel
737 2434 846 2507 virtus
859 2443 1000 2531 propter
1014 2433 1127 2531 prima
1140 2443 1241 2506 natu·

175 2578 232 2629 rae.
254 2556 336 2629 Haec
353 2566 470 2630 autem
487 2556 553 2629 vita
570 2555 734 2629 delormis
750 2566 841 2629 esset
854 2555 1017 2652 quidem,
1031 2555 1161 2652 qnippe
1177 2555 1240 2628 ubi

174 2677 283 2751 uirtus
298 2676 442 2751 serviret
455 2677 606 2752 dominae
620 2676 787 2773 voluptati
803 2675 998 2773 ceterisque
1009 2676 1241 2773 primigeniis

175 2810 210 2873 ot
228 2799 325 2872 nullo
342 2799 448 2873 modo
463 2800 610 2873 dicenda
625 2808 716 2874 esset
727 2799 847 2872 virtus.
864 2798 1022 2871 Exclusis
1038 2798 1145 2893 igitur
1160 2797 1241 2871 reli-

175 2942 327 3016 quorum
344 2921 523 3016 sententiis
537 2930 599 2994 aut
611 2919 819 2993 Academica
837 2919 915 3009 illa,
930 2928 991 2993 ant
1005 2919 1112 2992 altera
1126 2975 1135 3008 ,
1151 2918 1242 2992 Stoi-

175 3067 297 3120 corum
314 3047 455 3141 nempe,
467 3044 577 3118 valeat
591 3066 733 3118 necesse
749 3052 811 3116 est.
848 3125 851 3132 ,

227 3166 423 3240 «Relutatis
434 3165 576 3254 ceteris,
589 3165 637 3238 ait
645 3164 879 3261 Augustinus,
890 3187 998 3237 unam
1009 3163 1118 3237 Varro
1128 3163 1241 3259 eligit,

179 3311 312 3385 «quam
323 3288 398 3362 uult
407 3311 483 3362 esse
493 3286 785 3361 Academicorum
794 3296 961 3374 veterum,
975 3309 1063 3380 qnos
1073 3309 1091 3358 a
1100 3285 1243 3359 Platone

179 3411 384 3485 «institutos
403 3410 574 3506 usquead
593 3409 839 3498 Polemonem,
864 3408 924 3504 qui
949 3408 993 3481 ab
1016 3407 1076 3482 illo
1096 3418 1243 3504 quartus

180 3532 446 3631 oejusscholam
455 3531 584 3620 tenuit,
598 3553 676 3627 quae
685 3530 873 3604 Academia
888 3528 980 3603 dicta
994 3538 1061 3619 est,
1076 3528 1242 3602 habuisse

181 3664 301 3728 «certa
327 3652 488 3749 dogmata
512 3652 587 3726 vult
609 3650 736 3725 videri:
765 3660 800 3723 ct
826 3650 870 3724 ob
893 3650 961 3724 hoc
993 3650 1176 3748 distinguit
1198 3652 1243 3725 ab

181 3773 426 3849 «Academicis
442 3772 560 3863 novis,
585 3772 714 3869 quibus
736 3772 870 3846 incerta
890 3780 974 3845 sunt
991 3771 1125 3861 omnia,
1149 3772 1243 3868 quod

182 3896 439 3994 «philosophiae
460 3918 569 3992 genus
591 3895 634 3969 ab
648 3893 802 3968 Arcesila
823 3894 945 3991 coepit,
961 3916 1161 3968 successore
1176 3895 1244 3967 Po·

216 4093 223 4128 ¹
241 4093 315 4142 Elib.
332 4093 369 4142 De
384 4089 567 4155 Philosophia,
581 4105 621 4153 ap.
636 4091 715 4155 Aug,
731 4089 785 4140 Cio.
801 4090 857 4138 Dei.
873 4090 939 4148 xlx,
953 4103 975 4136 c.
991 4091 1002 4136 l
1018 4093 1043 4136 et
1056 4092 1079 4136 9.

214 4178 441 4243 ²1b.,c.1‚sqq.
