2967 4609
750 192 796 263 76

240 337 485 434 philosophiae,
500 360 578 433 quae
600 347 678 433 post
699 336 768 410 duo
788 336 916 410 saecula
938 347 1018 409 nata
1043 339 1113 426 est,
1133 360 1259 434 parens
1282 358 1301 409 a
1345 335 1348 340 ⁴

238 459 448 554 quibusdam
463 459 577 531 dictus
590 466 657 547 est;
674 459 766 531 hanc
780 467 897 530 autem
910 456 1152 554 disciplinam,
1168 480 1236 552 qua
1255 458 1300 529 ab

238 577 431 653 Antiochiis
453 579 659 653 informatus
684 588 776 669 arat,
797 588 944 652 secutus·
962 587 1032 667 est,
1059 588 1113 666 ct,
1137 577 1300 651 Antiochi

238 700 439 794 haereditate
462 709 618 797 accepta,
638 700 713 797 ejus
737 698 950 787 doctrinam,
970 698 1170 773 eclecticam
1195 722 1235 771 ex
1260 721 1301 771 eo

238 829 393 917 tempore
414 820 524 916 tnagis
543 820 685 917 proprio
706 820 849 893 nomine
872 828 1129 916 nuncupatam,
1151 818 1301 893 Alexan-

238 940 322 1014 driae
337 941 521 1014 renouauit.

667 1144 869 1198 CONCLUSlO.

286 1307 376 1391 Quid
393 1318 567 1405 superest,
582 1307 648 1380 nisi
665 1315 704 1380 ut
717 1330 852 1402 eaquae
873 1306 916 1379 de
937 1305 1100 1380 Antiochi
1121 1304 1302 1390 doctrina,

238 1429 449 1502 delentibus
467 1452 486 1502 e
501 1429 628 1523 quihus
643 1427 902 1515 illaellluxerit‚
924 1426 967 1500 de
988 1426 1020 1497 vi
1040 1434 1075 1500 et
1098 1425 1304 1499 auctoritate

238 1549 367 1644 quihus
380 1549 473 1645 apud
488 1549 689 1652 toteximios
705 1549 795 1623 viros
810 1548 972 1637 valuerit,
987 1546 1126 1643 copiose
1140 1543 1306 1618 disserui-

238 1692 334 1756 mus,
347 1692 443 1741 nunc
456 1668 599 1742 collecta
616 1668 766 1742 breviter
781 1668 1019 1758 absolvamus3
1039 1677 1074 1741 et
1085 1667 1132 1739 ita
1147 1667 1214 1740 hoc
1228 1664 1307 1761 phi-

239 1788 404 1886 losophiae
418 1813 528 1886 genus
543 1790 758 1886 perpendere
774 1789 974 1862 enitamur?

288 1911 494 2002 Antiochus,
508 1921 548 1985 ut
560 1912 665 1986 ceteri
677 1912 834 2009 ejusdem
847 1912 956 1985 aetatis
969 1909 1180 2008 philosophi,
1194 1909 1305 1983 scien-

239 2032 324 2105 tiam
346 2033 458 2129 ipsam
480 2033 535 2105 vix
557 2033 706 2130 alicujus
729 2032 832 2129 pretii
854 2055 929 2106 esse
952 2032 1124 2105 censebat.
1148 2030 1306 2126 Physicae

239 2152 346 2249 igitur
372 2153 518 2226 minime
544 2154 725 2227 studuerat
748 2154 846 2226 etde
869 2153 933 2225 ista
954 2151 1185 2249 philosophiae
1207 2160 1306 2246 parte

239 2274 435 2349 Stoicorum
458 2274 656 2371 opiniones,
672 2274 847 2359 delibatas⁴
861 2283 1015 2362 tantum,
1036 2274 1238 2347 retinuerat.
1265 2273 1306 2345 ln

238 2395 348 2491 logica
365 2396 469 2470 etiam
492 2418 614 2470 eorum
634 2395 841 2469 sententiam
869 2404 1028 2483 secutus,
1050 2394 1108 2466 illa
1127 2394 1305 2481 utebatur,

240 2539 310 2589 non
335 2517 379 2590 ad
405 2516 676 2612 perquirendam
699 2524 734 2589 et
753 2515 996 2612 proferendam
1019 2514 1216 2602 veritatem,
1243 2514 1306 2586 sed

240 2646 280 2709 ut
294 2659 333 2709 ea
348 2647 534 2732 exponeret
547 2646 581 2710 et
599 2637 823 2709 consumaret
836 2659 914 2730 quae
926 2658 989 2731 pro
1005 2635 1094 2708 veris
1108 2643 1306 2731 receperat,

240 2780 280 2830 ea
300 2767 438 2845 autem,
462 2780 540 2853 quae
563 2766 684 2830 contra
707 2755 751 2829 ah
771 2753 989 2829 Academicis
1016 2754 1306 2850 disputabantur,

240 2878 419 2953 relelleret.
1007 2943 1010 2948 ,

288 2997 540 3073 Animadvertit
552 2999 647 3074 enim
660 2998 855 3081 doctrinam
871 2997 913 3070 de
928 2996 1086 3070 moribus
1101 3006 1177 3069 tum
1190 3019 1308 3070 assen-

241 3120 348 3193 sionis
371 3104 563 3194 retentione
587 3099 727 3192 omnem
749 3118 874 3207 everti,
896 3126 989 3208 tum,
1012 3118 1041 3190 si
1059 3116 1307 3190 verisimilibus

241 3252 378 3316 tantum
402 3242 543 3330 nitatur,
565 3264 647 3316 cum
670 3241 725 3314 his
750 3240 834 3337 ipsis
860 3263 998 3336 semper
1021 3239 1190 3314 incertam
1216 3242 1323 3326 fluc-⁸

241 3374 349 3437 tuere.
365 3362 438 3447 Qua
452 3363 494 3436 de
508 3386 613 3437 causa
624 3362 667 3436 ah
675 3360 829 3434 Arcesila
843 3370 877 3434 et
890 3360 1066 3434 Carneade
1080 3370 1114 3433 et
1126 3383 1145 3432 a
1157 3360 1308 3433 Philone

240 3485 315 3580 ipso
331 3483 489 3572 descivit,
504 3483 632 3579 utqui,
652 3482 764 3577 longis
782 3480 988 3577 opinionum
1001 3480 1178 3554 erroribus
1192 3481 1306 3576 jacta-

241 3615 313 3693 tuS,
332 3614 549 3679 constantem
572 3612 701 3676 statum
724 3603 902 3696 fixumque
927 3600 1113 3675 consilium
1138 3601 1214 3673 vitae
1232 3624 1309 3674 esse

242 3737 384 3825 cuperet
399 3737 434 3802 et
454 3726 585 3822 aliquid
605 3724 687 3798 certi
711 3724 889 3797 admotus
914 3723 1022 3795 animi
1046 3723 1309 3819 componendos

268 3857 421 3925 uaereret.
1116 3909 1119 3914 ,

243 3873 264 3945 q
291 3970 382 4040 Eum
398 3967 518 4040 statuit
539 3989 613 4039 esse
636 3967 742 4039 finem
764 3964 993 4062 philosophiae
1014 3974 1054 4037 ut
1067 3965 1110 4038 ad
1126 3986 1308 4038 summum

218 4095 221 4101 ⁴
242 4089 374 4163 honum
389 4089 563 4182 vitamque
576 4088 712 4160 beatam
725 4086 974 4182 perducamur,
988 4085 1192 4181 nullamque
1204 4084 1310 4158 exsis-
