2967 4609
750 208 798 279 ol

247 356 443 431 alemonis:
459 377 606 452 eamque
621 364 770 443 sectam,
785 354 820 427 id
836 365 890 427 est
902 365 1058 429 veterum
1078 356 1307 431 Academico-

248 504 373 568 srum,
398 477 489 552 sicut
507 476 744 566 dubitatione,
766 476 813 550 ita
828 476 925 551 omni
945 499 1061 552 errore
1082 501 1200 553 carere
1214 479 1308 553 arbi-

248 601 488 674 atrabaturt»

295 720 1308 795 ObiteranimadvertamusVarronemcumAntiochoduas
1378 738 1385 750 ·

150 911 155 918 .
247 841 523 915 arbitrariluisse
535 840 750 915 Academias.
764 842 878 939 Hujus
888 841 1151 930 autemveteris,
1167 841 1324 915 auctore

247 964 370 1038 eodem
388 962 580 1052 Antiocho,
602 963 811 1067 senteutiam
834 963 877 1036 de
898 962 965 1035 vita
979 973 1015 1036 et
1029 962 1186 1036 moribus
1203 985 1309 1059 expo-

248 1085 374 1158 nebat:
400 1107 507 1180 quam
534 1083 676 1180 quidem
701 1084 781 1157 libri
800 1084 843 1157 de
862 1084 1092 1182 Philosophia
1112 1093 1247 1180 partem
1266 1084 1329 1156 ab·

247 1204 443 1301 Augustino
458 1206 660 1294 servataml,
677 1206 751 1302 jam
770 1204 983 1279 contulimus
998 1204 1200 1278 cum'lullii
1215 1204 1310 1278 Aco-

249 1326 391 1400 deorieis
401 1327 646 1425 posterioribus
660 1336 695 1401 et
708 1326 831 1422 quinto
848 1327 891 1398 de
905 1311 1049 1399 Finibus
1063 1325 1163 1399 libro.

298 1448 397 1522 Hanc
412 1457 530 1521 autem
547 1447 878 1522 Academiaeveteris
893 1447 1088 1521 doctrinam
1103 1446 1223 1534 Varro,
1240 1467 1312 1518 non

249 1572 353 1645 modo
369 1571 578 1667 exponebat,
591 1571 768 1645 sedetiam
779 1627 788 1661 ,
800 1581 839 1644 ut
850 1579 1048 1645 memorant
1059 1568 1180 1644 Cicero
1195 1564 1230 1643 et
1242 1568 1313 1642 Au-

249 1691 429 1788 gostinus,
444 1715 506 1790 pro
522 1715 585 1765 sua
600 1692 767 1772 tuebatur
772 1720 780 1783 ;
796 1693 889 1787 quod
902 1691 985 1765 satis
1001 1692 1241 1765 demonstrant
1254 1713 1313 1763 va-

140 1869 144 1874 .
170 1897 173 1904 ,
250 1813 310 1887 ria
330 1813 409 1886 libri
430 1837 535 1912 supra
556 1815 686 1888 laudati
712 1814 908 1905 sententiam
926 1824 1046 1889 censet
1070 1813 1165 1887 enirn
1187 1812 1313 1900 Varro,

251 1934 292 2007 iis
308 1958 385 2030 quae
400 1936 476 2010 sine
496 1936 567 2010 ullo
583 1936 750 2011 doctrinae
764 1936 979 2011 adminiculo
996 1935 1090 2009 velut
1109 1934 1315 2008 naturaliter

250 2067 457 2152 appetantur
468 2114 476 2146 ,
486 2058 649 2132 virtutem
659 2058 762 2155 longe
772 2068 950 2155 praestare3
967 2056 1177 2131 industriam
1187 2063 1315 2152 nempe

229 2189 236 2204 '
253 2188 289 2251 et
302 2188 412 2252 artem
427 2179 578 2269 vivendi,
593 2203 671 2275 quae
683 2180 841 2269 discitur,
857 2190 907 2269 et,
922 2201 1033 2274 quum
1048 2178 1178 2252 nonsit
1194 2177 1229 2250 in
1245 2174 1317 2274 pri-

251 2300 319 2373 mis
334 2310 486 2390 naturae,
501 2310 637 2397 postea,
651 2301 808 2375 doctrina
822 2301 1086 2389 introducente,
1099 2298 1316 2396 supervenit,

252 2431 287 2494 et
304 2421 371 2496 sibi
389 2423 564 2496 bonorum
583 2423 724 2497 culmen
744 2422 896 2496 vindicat
914 2422 1190 2512 humanorum³;
1210 2420 1257 2492 ita
1276 2430 1318 2493 ut

163 2628 169 2638 ,
227 2550 229 2554 ’
252 2553 366 2634 cetera
381 2543 419 2615 in
431 2544 567 2617 virtutis
585 2568 690 2618 usum
707 2554 943 2633 assumantur,
956 2553 1097 2641 propter
1110 2542 1317 2615 virtutis‘ol·

251 2652 570 2763 ficiumexpetenda
586 2665 667 2755 sint,
675 2675 714 2738 ut
721 2665 833 2739 vivere
841 2664 961 2761 patriae
970 2675 1005 2738 et
1014 2673 1156 2761 propter
1166 2662 1317 2760 patriam

253 2785 343 2860 tilios
358 2788 570 2883 procreare&

303 2909 353 2981 Ea
369 2907 511 3004 quidem
526 2908 747 3004 ratio,quam
761 2907 1093 2981 Academiaeveteris
1108 2906 1182 2979 vult
1192 2905 1318 2994 videri,

255 3055 274 3103 a
289 3030 486 3105 Stoicorum
501 3030 681 3104 sententiis
696 3031 750 3104 vix
762 3032 902 3104 aberat⁵
918 3056 926 3102 :
943 3030 1027 3126 quid
1042 3028 1193 3119 mirum,
1206 3051 1319 3126 quum

290 3351 297 3386 ¹
314 3352 366 3411 lb,
381 3366 403 3399 c.
419 3353 442 3399 l.
457 3370 489 3380 -
506 3351 541 3399 Cf.
559 3366 580 3399 c.
596 3354 619 3416 l.

287 3439 299 3475 2
314 3441 365 3500 lb,
380 3454 402 3490 c.
418 3444 441 3489 3.
455 3458 489 3469 -
501 3441 536 3488 Gl.
551 3439 715 3504 Augustinunr
734 3441 883 3489 Platonicam
899 3440 1034 3489 doctrinam
1050 3441 1137 3490 iisdem
1150 3440 1231 3510 serbis
1244 3453 1321 3502 expo-

255 3535 371 3590 nentem,
385 3531 434 3592 ib,
449 3531 517 3588 Vlll,
531 3544 553 3577 c.
567 3533 591 3577 8.

288 3617 367 3681 3lb.,
381 3634 403 3669 c.
418 3623 432 3669 1
446 3623 471 3669 et
484 3624 507 3669 t.

287 3707 366 3769 ltlb.,
381 3723 403 3757 o.
419 3711 432 3757 1
447 3712 472 3757 et
485 3711 508 3756 2.

289 3796 301 3835 ⁵
315 3800 383 3857 Quod
396 3797 605 3854 animadvertebat
618 3796 769 3862 Augustinus
783 3811 790 3846 ε
808 3798 946 3848 «Relutatis
959 3797 1046 3847 ceteris
1059 3812 1133 3847 uuam
1147 3798 1222 3848 Varro
1235 3798 1318 3862 eligit,

255 3902 328 3950 quam
341 3887 393 3936 vult
405 3901 459 3935 esse
472 3887 672 3935 Academicorum
685 3890 805 3936 veterum.
818 3907 828 3929 »
848 3889 883 3936 lb.
893 3925 901 3947 ,
913 3902 935 3936 c.
950 3891 974 3936 l.
988 3906 1022 3919 ·-
1036 3889 1114 3937 «llaec
1127 3888 1233 3938 sensisse
1246 3891 1320 3949 atquc

255 3976 367 4026 docuisse
386 3974 542 4023 Academicos
561 3979 670 4034 veteres,
685 3976 761 4024 Varro
780 3976 881 4035 asserit,
900 3980 999 4025 auctore
1019 3976 1153 4034 Antiocho,
1174 3991 1247 4038 quem
1260 3990 1320 4026 sane

257 4049 338 4114 Cicero
352 4066 376 4113 in
390 4064 500 4127 pluribus
514 4063 634 4121 Stoicum,
649 4078 723 4125 quaro
736 4069 844 4115 veterem
858 4066 1028 4115 Academicum
1037 4067 1088 4114 vult
1100 4065 1192 4124 videri·,
1206 4067 1249 4114 sed
1262 4061 1321 4125 quid

258 4158 288 4203 ad
302 4153 413 4204 noel...»
429 4156 479 4212 lb,
495 4168 516 4201 c.
532 4158 554 4201 3.
