2967 4609
692 186 738 260 75

188 334 306 423 verba,
324 357 403 430 quae
416 334 543 409 referre
562 355 619 405 me
637 332 753 430 juvat,
768 353 885 405 nonne
902 331 947 404 ad
963 331 1176 405 Antiochum
1194 331 1247 428 ip·

188 479 267 530 sum
281 455 442 530 videntur
460 454 653 552 pertinere,
674 453 732 549 qui
760 475 872 549 quum
894 450 1058 526 virtutem
1073 452 1247 550 judicaret

187 576 487 651 absolutissimum
503 575 636 648 honum
659 583 693 647 et
709 573 858 648 maxime
871 573 1119 669 expetendum,
1133 572 1180 645 ita
1195 567 1247 645 ta-

187 721 268 772 men
288 719 470 772 summum
491 696 625 770 honum
643 694 842 784 constituit,
862 703 901 767 ut
919 717 960 767 ex
975 693 1077 766 honis
1093 694 1247 790 corporis

187 842 251 893 nec
266 842 336 893 non
349 818 498 893 externis
509 816 729 914 expleretur?

236 941 328 1035 Ergo
346 939 382 1012 in
403 940 499 1013 omni
518 938 675 1011 doctrina
694 938 840 1011 Potamo
863 936 1078 1011 Antiochum
1106 945 1247 1011 secutus

188 1069 268 1134 est:
298 1060 383 1156 quid
406 1070 522 1133 autem
548 1059 680 1131 mirum
706 1081 816 1154 quum
841 1058 1107 1132 meminerimus
1127 1057 1249 1131 Antio·

188 1181 295 1253 chum
309 1180 447 1254 Luculli
468 1179 632 1254 comitem
650 1177 865 1253 Alexandriae
882 1187 1137 1252 commoratum
1154 1201 1247 1267 esse,

188 1300 427 1396 multumque,
452 1299 682 1397 praesentibus
708 1299 819 1373 doctis
840 1298 1097 1395 compluribus,
1118 1298 1155 1370 in
1181 1299 1248 1372 hac

188 1420 262 1517 ipsa
278 1421 364 1494 urhe
380 1420 416 1493 in
432 1444 501 1516 qua
515 1430 634 1517 postea
648 1419 769 1516 lloruit
779 1420 943 1509 Potamo,
957 1408 1211 1516 disputavisse?

237 1542 361 1616 Suidas
378 1553 495 1617 autem
513 1552 634 1618 monet
646 1543 887 1650 Potamonem
901 1551 936 1616 et
955 1552 1035 1618 ante
1049 1541 1248 1637 Augustum

190 1670 225 1736 et
237 1662 303 1736 sub
316 1661 464 1758 Augusti
476 1663 622 1761 imperio
634 1663 789 1738 vixisse¹.
804 1663 983 1760 Augustus
998 1663 1141 1760 quidem
1155 1685 1249 1736 sexa·
1357 1735 1360 1741 s

189 1785 284 1881 ginta
303 1796 440 1860 tantum
456 1787 558 1860 annis
579 1796 658 1883 post
674 1785 925 1860 Alexandrinas
945 1786 1021 1859 illas
1043 1785 1249 1882 disputatio-

189 1931 269 1998 neS,
284 1908 604 2005 quadragintavero
619 1918 860 2006 postmortem
877 1907 1058 1997 Antiochi,
1076 1907 1249 2004 principa·

189 2038 265 2104 tum
277 2029 447 2119 obtinuit,
462 2053 527 2103 nec
536 2030 613 2104 ideo
624 2030 812 2104 verisimile
824 2038 877 2104 est
889 2029 1116 2103 Potamonem
1131 2029 1250 2104 Antio-

189 2149 246 2223 chi
255 2149 365 2247 ipsius
376 2150 698 2241 auditoremluisse.
709 2150 777 2224 Sed
791 2151 834 2224 ab
846 2149 1007 2224 Aristone
1019 2150 1249 2248 Peripatetico

188 2270 241 2346 vel
254 2270 364 2344 Dione
380 2269 606 2360 Academiae,
624 2270 803 2361 Antiochi,
823 2281 863 2346 ut
882 2272 1051 2361 diximus,
1071 2271 1250 2345 familiari-

189 2389 546 2480 busetauditoribuS,
560 2390 717 2487 magistri
733 2392 928 2466 doctrinam
940 2402 1054 2490 potest
1061 2416 1101 2466 ac
1113 2392 1250 2486 videtur

191 2535 375 2610 accepisse.

239 2639 330 2714 Hinc
354 2636 533 2736 ἐκλεκτική
555 2639 612 2713 illa
637 2640 876 2738 philosophia3
899 2643 983 2717 hinc
1011 2653 1085 2717 erat
1104 2644 1249 2718 Potamo

190 2761 345 2835 Platonis
361 2772 505 2852 amator,
525 2762 626 2859 cujus
646 2762 753 2837 libms
776 2764 819 2836 dc
840 2765 1018 2862 republica
1035 2775 1250 2840 commenta·

191 2880 253 2954 riis
271 2881 487 2955 instruxerat.
503 2883 592 2956 Sane
607 2883 761 2956 multum
777 2884 852 2981 ejus
865 2884 1063 2980 exemplum
1079 2885 1188 2958 valuit
1205 2885 1250 2958 ad

191 3002 429 3102 renovandum
461 3003 684 3100 antiquarum
719 3004 959 3080 doctrinarum
992 3006 1250 3103 Platonicaeqne

191 3121 420 3219 philosophiae
438 3123 610 3214 studium;
628 3134 764 3198 constat
781 3134 898 3199 tamen
919 3126 1133 3201 Antiochum
1154 3136 1250 3201 vete-

191 3266 266 3317 rem
289 3243 384 3316 illam
404 3244 627 3319 Academiam
650 3246 766 3342 potius
787 3246 979 3322 laudavisse
998 3271 1105 3343 quam
1123 3272 1252 3344 cogno-

190 3362 298 3437 visse:
315 3362 362 3436 ita
377 3373 469 3437 certe
482 3373 516 3437 et
526 3365 690 3454 Potamo,
705 3364 765 3462 qui
781 3390 891 3462 quum
902 3367 1107 3441 eclecticum
1119 3392 1156 3443 se
1170 3392 1251 3465 pro·
1340 3423 1344 3430 -

191 3484 347 3573 hteatur,
374 3484 572 3558 Stoicorum
601 3486 815 3576 auctoritati,
846 3510 927 3561 cum
958 3487 1130 3563 Antiocho
1158 3488 1250 3587 ipso,

191 3605 340 3679 maxime
356 3606 526 3679 innititur.

239 3727 385 3800 Potamo
404 3725 511 3822 igitur
525 3751 595 3801 non
615 3727 682 3801 nisi
704 3727 879 3803 immerito
893 3729 1134 3806 Alexandrinae
1152 3731 1252 3806 istius

233 4004 241 4040 ¹
258 4003 371 4083 γεγονὼς
393 4006 445 4087 πρὸ
462 4005 612 4087 Αὐγούστου
633 4006 680 4066 καὶ
701 4008 759 4085 μετ’
779 4010 868 4069 αὐτοῦ.
892 4018 1140 4083 ltalegitschwelg.;
1153 4019 1178 4067 in
1191 4019 1249 4068 edit.

193 4119 275 4166 autom
291 4112 349 4187 μετ’
364 4108 441 4169 αὐτὸν
459 4133 533 4169 seusu
546 4133 630 4168 carcre
643 4119 747 4169 videtur.
