2967 4609
1374 240 1467 309 35

358 390 586 463 batur.
617 386 823 460 Philo
867 385 1077 482 igitur
1116 395 1238 458 aut
1280 408 1359 459 ea
1407 384 1986 459 Academicorum
2024 407 2175 461 esse
2205 393 2493 458 conten-

363 511 574 586 debat
607 533 763 606 quae
808 509 1003 583 nullo
1043 530 1360 604 unquam
1403 531 1483 581 ex
1523 507 1939 582 Academico
1980 508 2214 581 audita
2257 517 2493 598 erant,

361 643 485 707 aut
510 656 589 707 ea
619 632 918 728 negabat
947 632 1033 704 ab
1063 629 1497 704 Academicis
1534 629 1705 719 dici,
1737 652 1891 724 quae
1924 629 2127 724 vulgo
2160 629 2495 703 diceban·
2600 706 2607 711 ,

361 765 500 844 tur,
528 764 596 828 et
624 754 716 827 ita
749 763 983 849 aperte
1012 751 1293 825 mentiri
1326 774 1467 825 non
1499 749 1862 825 dubitabat
1886 754 1933 821 ¹.

475 875 700 959 Quam
736 882 971 947 autem
1002 874 1090 947 ob
1121 896 1405 946 causam
1437 882 1672 968 etqua
1703 872 1967 945 ratione
2000 872 2111 945 isti
2143 872 2498 947 dubitasse

369 995 796 1083 viderentur,
830 994 1198 1089 exquirens
1226 1050 1243 1083 ,
1293 993 1776 1082 confitebatur,
1825 994 2014 1088 quod
2062 993 2497 1068 Metrodorus

365 1126 569 1190 antea
600 1116 825 1188 facere
852 1122 1266 1203 tentaverat,
1297 1136 1435 1187 non
1467 1113 1745 1187 decreto
1771 1113 2115 1209 placuisse
2139 1112 2500 1187 Academi-

364 1236 469 1310 cis
502 1236 680 1309 nihil
705 1257 908 1331 posse
939 1234 1478 1331 comprehendi,
1527 1235 1648 1308 sed
1689 1257 1806 1308 eos
1840 1234 2229 1309 necessario
2258 1245 2500 1309 contra

362 1358 629 1432 Stoicos
655 1355 1002 1454 ejusmodi
1036 1378 1230 1429 arma
1261 1356 1646 1452 sumpsisse
1672 1359 1724 1428 ².

461 1480 528 1553 Is
560 1478 773 1574 igitur
806 1500 888 1551 ex
917 1477 1315 1551 testimonio
1343 1487 1658 1551 veterum
1686 1486 1834 1551 erat
1869 1476 2071 1550 Philo
2111 1475 2225 1551 ille
2267 1477 2501 1550 Laris-

370 1622 572 1674 saeus
610 1600 818 1673 Hunc
848 1609 1134 1673 secutus
1164 1609 1271 1673 est
1295 1599 1548 1673 Noster
1573 1621 1791 1694 quum
1814 1656 1832 1687 ‚
1884 1598 2203 1693 quaedam
2236 1598 2500 1695 percipi

366 1730 436 1794 et
475 1719 975 1817 comprehendi
1020 1720 1411 1809 affirmans,
1454 1719 1543 1793 ab
1571 1719 1946 1793 Academia
1974 1741 2148 1793 nova
2178 1719 2502 1809 descivit,

366 1825 438 1916 et
463 1851 766 1917 veterem
795 1840 990 1914 illam
1020 1850 1090 1915 et
1120 1839 1556 1914 Platonicam
1592 1861 1922 1914 renovare
1952 1850 2242 1913 conatus
2268 1849 2391 1925 est.

466 1962 570 2034 Ab
599 1962 840 2037 eodem
871 1971 1106 2036 autem
1137 1961 1635 2050 dissentiebat,
1661 1982 1885 2056 quum
1910 1960 1983 2033 in
2008 1960 2502 2057 disputationi-

374 2081 508 2155 bus
532 2091 600 2156 et
629 2083 700 2154 in
733 2083 897 2158 Soso
928 2084 1102 2157 duas
1129 2082 1580 2157 contenderet
1608 2080 1821 2156 fuisse
1849 2080 2259 2155 Academias
2280 2137 2298 2172 ‚
2331 2104 2506 2178 qua-

374 2227 532 2276 rum
555 2205 736 2279 hanc
755 2216 1001 2312 novam
1024 2204 1236 2279 rebus
1258 2204 1484 2279 nubes
1515 2204 1994 2279 offundentem
2021 2204 2500 2279 insectaretur.

369 2324 737 2399 Philonem
766 2325 979 2422 igitur
1006 2325 1470 2423 improbabat,
1501 2325 1763 2423 quippe
1781 2326 1901 2421 qui
1938 2326 2012 2399 in
2041 2326 2504 2421 interpretan-

371 2446 477 2519 dis
506 2447 720 2545 hujus
747 2446 1138 2521 Academiae
1168 2447 1465 2521 decretis
1496 2471 1535 2520 a
1563 2470 1725 2521 vero
1755 2446 2033 2542 longius
2062 2447 2335 2520 abesset
2351 2448 2399 2519 ³.

466 2569 572 2643 Ab
623 2572 872 2644 eodem
918 2570 1370 2644 dissentiebat
1398 2568 1607 2643 etiam
1648 2591 1892 2665 quum·
1917 2592 1955 2643 e
1995 2568 2205 2642 veteri
2233 2567 2502 2643 Acade-

371 2690 510 2763 mia
559 2692 862 2788 pendere
905 2701 976 2766 et
1009 2670 1183 2765 'cum
1222 2713 1301 2766 ea
1349 2690 1745 2765 consentire
1794 2690 2060 2765 Stoicos
2089 2691 2161 2763 in
2194 2690 2506 2787 disputa-

371 2812 680 2910 tionibus
723 2812 871 2885 suis
916 2823 985 2887 et
1029 2812 1102 2885 in
1144 2812 1313 2888 Soso
1358 2821 1427 2884 et
1473 2812 1547 2883 in
1589 2810 1766 2885 libro
1812 2811 1898 2884 ad
1939 2811 2241 2884 Balbum
2288 2810 2505 2884 misso

372 2937 784 3025 affirmaret,
833 2958 1218 3031 eorumque
1262 2945 1492 3032 partes
1541 2943 1921 3023 tutaretur;
1958 2944 2029 3006 et
2064 2933 2156 3006 ita
2205 2932 2503 3030 pristino

374 3058 967 3134 Academicorum·
992 3068 1233 3132 contra
1257 3057 1527 3132 Stoicos
1563 3055 1925 3131 certamini
1955 3057 2169 3129 finem
2198 3056 2509 3152 impone-

376 3191 503 3254 ret.
535 3181 840 3255 Stoicam
873 3180 1083 3254 etiam
1109 3177 1753 3277 comprehensionis
1772 3177 2275 3266 definitionem,
2294 3199 2506 3272 quam

374 3302 575 3377 Philo
606 3302 1097 3392 infirmaverat,
1128 3302 1300 3399 ipse,
1326 3310 1405 3375 ut
1432 3309 1670 3397 postea
1689 3299 2105 3388 videbimuS,
2135 3298 2503 3373 retinebat.

448 3558 457 3591 ¹
497 3557 685 3616 dead„
710 3558 785 3618 ΙΙ,
813 3562 872 3617 Α,
901 3561 949 3608 6.

438 3646 460 3679 '-'
496 3648 726 3710 August„
758 3647 956 3697 Contra
979 3645 1165 3706 Acad„
1197 3648 1287 3706 ΠΙ,
1317 3645 1344 3711 ἓ
1368 3649 1448 3696 41.
1490 3674 1498 3678 -
1549 3648 1649 3697 Boc
1676 3647 1802 3695 idem
1827 3645 2099 3708 saepissime
2124 3647 2184 3694 de
2212 3649 2504 3693 Amas-num-

380 3735 569 3783 dictum
595 3749 705 3784 esse
734 3738 993 3794 testantur,
1022 3736 1088 3785 id.
1118 3735 1207 3794 ib.,
1237 3751 1281 3784 c.
1314 3733 1391 3784 1⁷.
1416 3756 1483 3765 —
1509 3738 1608 3800 Ep.
1640 3738 1752 3793 118,
1782 3732 1809 3799 ᾖ
1838 3737 1916 3782 16.
1944 3760 2011 3770 —
2036 3735 2167 3783 Sext.
2201 3737 2332 3793 Euty.
2372 3737 2488 3797 Ηῃμ

378 3821 592 3887 Pyrrh„
623 3824 672 3883 Ι,
702 3838 746 3872 c.
779 3826 869 3882 33,
899 3822 927 3888 S
953 3827 1078 3881 234,
1106 3827 1156 3872 et
1182 3825 1340 3874 Aristo
1367 3824 1542 3883 Chius,
1571 3825 1637 3873 ib.
1664 3843 1732 3854 ·-·
1767 3825 1957 3882 Laia-t„
1989 3823 2071 3881 IV,
2104 3827 2183 3871 83.
2207 3845 2268 3853 ff
2304 3825 2484 3869 Eunu-n

372 3928 452 3974 ap.
485 3913 598 3960 Eus.
630 3913 801 3974 Proep.
830 3926 934 3972 ev„
966 3913 1095 3970 xlv,
1124 3915 1152 3960 6
1180 3912 1260 3976 (ex
1287 3913 1449 3963 Diocle
1477 3912 1700 3977 Gnidio),
1730 3917 1779 3961 et
1803 3912 1902 3971 ib.,
1931 3926 1975 3959 c.
2007 3915 2055 3959 8.
2083 3930 2150 3940 —
2176 3912 2420 3961 Philonia.
2460 3921 2500 3957 ιι1

374 4000 584 4057 videtur,
613 4000 907 4050 sententiam
933 4001 1204 4064 exponebat
1230 4002 1394 4052 Cicero
1420 4001 1469 4049 in
1498 4003 1589 4050 hoc
1621 4000 1776 4050 Acad.
1813 4005 1947 4065 post.
1996 4001 2172 4063 fragm.
2199 4016 2207 4047 :
2260 4025 2264 4037 ·
2300 4005 2392 4045 „ll-n
2428 4009 2508 4045 nuit

377 4088 679 4137 Academicis
706 4090 981 4139 occultandi
1008 4090 1300 4139 sententiam
1343 4104 1482 4138 suam
1502 4127 1516 4149 ,
1558 4104 1647 4139 nec
1684 4105 1791 4139 eam
1819 4090 2075 4151 cuiquam.
2111 4087 2206 4136 nisi
2232 4105 2312 4149 ψιι
2432 4105 2508 4133 um

378 4178 438 4223 ad
469 4180 772 4226 senectutem
802 4192 956 4238 usque
985 4177 1234 4235 vixissent,
1265 4179 1563 4241 aperiendi..»
1833 4175 1858 4213 3
1885 4176 2029 4227 Acar!
2055 4213 2069 4233 ‚
2099 4177 2168 4233 11,
2199 4181 2224 4221 ⁴
2256 4189 2296 4221 rt
2332 4185 2372 4221 ε’..
