2967 4609
697 213 742 284 37

190 374 298 436 terem
313 359 534 434 Academiam
549 368 707 431 auctores
718 357 928 454 proferebat,
942 357 1076 431 Stoicos
1088 358 1201 454 reipsa
1212 357 1247 429 in

188 483 349 581 pluribus
362 480 582 577 sequebatur.
597 479 703 552 Totus
713 478 829 551 adhuc
838 478 882 551 ab
892 477 1077 551 Academia
1086 477 1152 551 sibi
1163 500 1249 574 pen·

188 605 270 678 dere
288 603 488 691 videbatur,
516 625 627 699 quum
646 602 719 700 jam
746 625 834 698 pene
851 601 887 673 in
912 601 1109 674 Stoicorum
1133 611 1248 696 partes

187 727 379 801 transierat.
404 726 509 799 Illum
535 724 641 821 igitur
669 724 894 797 «Stoicorum
912 722 1246 819 adstipulatorem»

187 858 236 937 et,
253 847 310 921 «si
326 870 498 945 perpauca
511 844 730 934 mutavisset,
747 843 1053 941 germanissimum
1066 842 1245 916 Stoicum»

186 969 330 1044 vocabat
355 968 507 1056 Cicero¹,
526 968 636 1065 ‚cujus
663 965 903 1039 auctoritatem
933 965 1015 1038 satis
1039 953 1250 1038 confirmant

187 1091 269 1187 ipsae
279 1089 442 1164 Antiochi
458 1088 636 1162 sententiae
651 1110 713 1161 seu
725 1087 769 1160 ad
784 1086 976 1160 disserendi
990 1086 1172 1174 rationem,
1186 1109 1248 1159 seu

186 1212 230 1285 ad
244 1212 349 1284 vitam
364 1221 398 1284 et
411 1232 526 1284 mores
539 1208 762 1307 pertinentes.

236 1332 301 1417 Qui
316 1341 434 1406 autem
455 1354 525 1404 non
539 1354 614 1404 esse
629 1323 753 1404 Stoicis
767 1353 849 1403 cum
864 1329 1082 1403 Academicis
1096 1329 1249 1409 etPeri-

187 1453 345 1550 pateticis
355 1475 474 1525 rerum
487 1450 772 1549 discrepantiam,
782 1451 843 1524 sed
855 1451 1041 1524 verborum
1054 1460 1248 1524 controver-

187 1574 274 1647 siam
297 1573 543 1662 contendebat,
568 1572 625 1647 ille
651 1574 805 1670 profecto
823 1572 1002 1668 antiquam
1022 1572 1117 1644 iliam
1141 1595 1246 1668 quam

186 1694 325 1769 dicebat
337 1694 594 1793 philosophiam
609 1717 679 1768 non
692 1695 862 1791 integram
878 1703 1085 1783 servaverat;
1103 1693 1160 1767 ille
1171 1694 1248 1766 uul-

186 1816 254 1891 lius
278 1817 444 1891 doctrine
467 1825 598 1890 certam
619 1816 805 1889 formulam
823 1814 1070 1913 propriamque
1092 1814 1248 1911 descrip-

187 1938 316 2012 tionem
336 1938 546 2011 retinuerat:
574 1938 675 2034 cujus
696 1936 839 2033 quidem
856 1936 983 2010 erroris
997 1936 1120 2032 atejus
1141 1935 1247 2008 disci-

190 2058 282 2155 puli²
298 2069 332 2132 et
344 2069 473 2133 veteres
488 2057 567 2131 alii3
582 2059 765 2147 Nostrum,
782 2080 893 2155 quum
907 2081 989 2132 eum
1004 2057 1156 2132 Stoicam
1172 2079 1246 2130 sec-

225 2240 341 2301 recac„
356 2243 392 2303 n,
408 2246 436 2302 ο,
451 2245 496 2302 21,
511 2246 556 2301 aa,
572 2246 616 2302 ao,
632 2246 676 2302 as,
691 2245 736 2302 ta,
752 2226 859 2301 teas,
874 2245 919 2300 to,
935 2244 979 2301 tr,
994 2246 1041 2292 etc.

219 2328 231 2366 ⁹
245 2332 376 2381 Mirabatur
388 2332 484 2390 Cicero,
499 2335 566 2382 etex
579 2333 677 2381 Lucullo
689 2334 816 2395 quaerebat
828 2334 925 2394 quando
939 2331 984 2380 ista
998 2332 1102 2381 fuissent
1114 2332 1146 2380 ab
1158 2333 1248 2381 Acade

186 2420 234 2470 mia
247 2422 322 2470 reteri
341 2424 455 2482 decreta,
476 2425 502 2471 et
520 2437 568 2485 quo
587 2423 686 2471 tandem
699 2425 772 2471 modo
791 2425 857 2471 esset
873 2422 1007 2471 Antiochus
1024 2422 1078 2484 eius
1091 2422 1244 2480 Academiae,

185 2510 256 2573 cujus
273 2524 327 2559 esse
345 2524 372 2559 se
385 2511 539 2572 profiteretur
552 2508 657 2573 (Acad,
673 2511 708 2569 h,
724 2513 753 2568 6,
768 2513 813 2569 20,
828 2514 873 2569 22,
889 2514 934 2569 30,
951 2514 990 2569 33,
1006 2513 1053 2569 tt,
1068 2513 1114 2568 66,
1129 2506 1184 2573 37);
1199 2510 1246 2558 mi-

185 2600 284 2649 rabatur
298 2600 373 2648 etiam
394 2600 498 2659 Balbus,
516 2600 677 2658 Antiochum,
692 2600 816 2648 hominem
829 2600 853 2648 in
867 2600 952 2662 primis
965 2603 1078 2658 acutum,
1093 2613 1142 2647 non
1155 2598 1245 2647 vidisse

185 2688 302 2737 interesse
315 2688 447 2750 plurimum
460 2688 523 2737 inter
536 2688 628 2737 Stoicos
641 2691 666 2737 et
677 2688 863 2751 Peripateticos,
877 2693 903 2738 et
915 2688 980 2737 iilam
991 2703 1039 2737 non
1050 2688 1181 2740 verborum
1194 2702 1246 2750 par·

183 2792 252 2837 vam,
263 2780 305 2827 sed
319 2792 401 2850 rerum
415 2793 529 2844 magnam
541 2793 596 2828 esse
605 2779 784 2828 dissensionem
793 2778 841 2842 (De
851 2780 914 2830 Nat.
931 2781 1022 2838 Dece,
1038 2780 1064 2838 Ι,
1079 2777 1113 2844 7).

215 2869 380 2933 ³Plutarch.‚
397 2873 450 2923 Vir.
466 2873 534 2934 cie,
548 2888 572 2936 p.
588 2876 644 2921 862.
668 2867 712 2926 τὸν
731 2866 850 2927 Στωϊκὸν
873 2868 903 2925 ἐκ
923 2867 1073 2943 μεταὸολῆς
1093 2864 1244 2945 θεραπεύων

182 2968 260 3048 λόγον
281 2971 307 3028 ἐν
330 2978 384 3038 τοῖς
404 2970 547 3037 πλείστοις.
566 3006 600 3015 -
613 2980 716 3029 Numen.
733 2994 774 3042 ap.
794 2979 883 3029 Euseb.
906 2978 990 3043 Proep.
1008 2993 1064 3036 eu,
1085 2979 1151 3037 xlv,
1172 2993 1194 3027 c.
1214 2983 1243 3038 3,

184 3071 266 3153 μυρία
281 3071 341 3141 ξένα
354 3075 476 3153 προσῆψε
489 3077 522 3151 τῇ
538 3072 699 3158 Ἀκαδημίᾳ.
715 3102 749 3113 -
761 3084 849 3132 Sextus
864 3084 949 3146 Emp,
966 3084 1035 3148 Hyp.
1055 3081 1167 3148 Pyrrh,
1182 3085 1206 3144 Ι,
1220 3099 1242 3133 c.

184 3189 230 3242 33,
245 3181 259 3249 5
272 3188 319 3234 235
334 3200 340 3234 ε
354 3173 396 3249 Ὁ
405 3176 537 3258 Ἀντίοχος
553 3176 602 3249 τὴν
621 3177 701 3238 στοὰν
721 3177 871 3257 μετήγαγεν
889 3180 926 3244 εἰς
947 3176 995 3249 τὴν
1012 3177 1195 3251 Ἀκαδημίαν·
1210 3183 1247 3244 ὡς

182 3280 227 3338 καὶ
241 3283 361 3359 εἰρῆσθαι
373 3282 414 3341 ἐπ’
424 3284 495 3361 αὐτῷ
508 3280 550 3342 ὅτι
564 3285 590 3340 ἐν
603 3280 751 3361 Ἀκαδημίᾳ
763 3284 898 3361 φιλοσοφεῖ
911 3280 945 3341 τὰ
956 3280 1065 3341 Στωϊκὰ
1077 3305 1084 3318 ·
1096 3282 1246 3340 ἐπεδείκνυε

181 3383 234 3464 γὰρ
251 3383 293 3443 ὅτι
313 3383 386 3463 παρὰ
407 3387 533 3445 Πλάτωνι
553 3393 638 3445 κεῖται
659 3384 692 3445 cd
712 3390 767 3445 τῶν
788 3387 915 3446 Στωικῶν
938 3386 1069 3464 δόγματα.
1083 3413 1117 3423 -
1129 3394 1245 3457 August,

183 3488 238 3537 Cio.
261 3489 323 3548 Dei,
342 3491 408 3549 xlx,
423 3505 445 3539 c.
466 3495 489 3539 3.
513 3491 615 3540 «Cicero
628 3492 653 3539 in
666 3491 779 3554 pluribus
791 3492 937 3541 Antiochum
950 3490 1025 3540 ruisse
1044 3490 1151 3539 Stoicum
1169 3502 1243 3550 quam

180 3581 288 3627 veterem
301 3579 472 3629 Academicum
484 3581 536 3629 vult
547 3581 648 3629 rideri.»
658 3604 690 3619 -
698 3582 796 3631 Contra
806 3580 896 3640 Acori,
910 3582 954 3640 ΙΙΙ,
968 3579 983 3644 5
995 3583 1035 3628 to.
1051 3579 1240 3636 «Antiochus...

181 3666 270 3716 auditis
284 3668 383 3716 Philone
396 3668 539 3718 Academico
558 3673 583 3718 et
603 3670 746 3719 Mnesarcho
765 3670 862 3726 Stoico,
883 3670 907 3719 in
928 3669 1084 3719 Academiam
1101 3673 1240 3718 veterem...

180 3756 324 3819 irrepserat,
339 3757 422 3807 nescio
434 3759 492 3820 quid
506 3759 615 3808 reserens
628 3759 687 3809 mali
700 3762 730 3809 de
748 3760 884 3824 Stoicorum
900 3759 1039 3818 cineribus,
1058 3760 1122 3821 quod
1136 3757 1242 3806 Platonis

178 3847 250 3909 adyta
263 3846 373 3895 violaret.
383 3866 393 3889 ι
402 3847 607 3912 -Augustinus,
621 3847 696 3907 ibid,
710 3846 822 3913 feneum
832 3846 1001 3896 Platonicum
1013 3860 1070 3895 eum
1079 3845 1240 3894 vocat-Cf.

179 3940 287 3989 AEnesid.
302 3955 342 4003 ap.
358 3941 426 3990 Pbot.
444 3939 573 4006 Myriob„
587 3944 641 3991 cod.
658 3945 720 4003 212,
736 3958 760 4005 p.
779 3944 841 4002 163,
860 3944 934 3992 Bekis.
948 3936 985 3994 Οἱ
1002 3934 1077 3993 δ’ὶπὸ
1094 3938 1142 4004 τῆς
1160 3932 1241 3992 itae·

178 4036 289 4113 δημίοις,
307 4037 410 4115 μάλιςα
425 4043 473 4111 τῆς
488 4043 548 4117 νῦν,
568 4040 614 4100 καὶ
627 4041 757 4108 Στωϊκοῖς
775 4040 952 4121 συμφέρονται
973 4039 1055 4101 ἐνίοτε
1074 4038 1174 4113 δόξαις,
1196 4038 1242 4098 καὶ

178 4141 201 4199 εἰ
218 4144 272 4219 χρῆ
287 4141 400 4214 τάληθὲς
415 4145 513 4218 εἰπεῖν,
530 4143 645 4204 Στωϊκοὶ
659 4142 796 4223 φαίνονται
813 4145 959 4225 μαχόμενοι
976 4146 1115 4211 Στωϊκοῖς,
