2967 4609
638 193 791 266 ’60

240 339 371 438 exiguis
390 340 545 414 malis-et
556 362 660 436 porro
675 338 843 413 minimis.
861 338 975 424 Quam
992 337 1083 413 Zeno
1100 359 1303 438 praeponen-

240 463 321 535 dam
334 473 368 537 et
380 463 489 559 magis
502 462 714 558 eligendam,
727 461 917 536 beatiorem
927 463 1019 535 hanc
1031 462 1137 535 vitam
1148 462 1301 558 appello:

241 606 305 657 neo
328 584 399 657 ullo
421 583 568 657 minimo
591 592 770 656 momento
792 583 872 679 plus
885 582 929 656 'ei
949 582 1025 656 vitae
1045 583 1180 671 tribon,
1196 604 1302 679 quam

240 703 379 778 Stoiei¹.
1306 799 1312 806 ί

290 824 362 898 «At
378 826 491 915 enim,
507 849 576 928 qua
591 824 628 898 in
641 823 710 927 vita
725 834 778 898 est
791 824 924 921 aliquid
938 824 1038 914 mali,
1052 846 1093 898 ea
1112 846 1188 898 esse
1202 824 1303 898 beata

240 968 310 1019 333
328 946 456 1042 potest!
479 947 531 1019 Ne
547 969 645 1042 seges
665 925 809 1041 quidem
826 944 933 1041 igitur
955 945 1060 1044 spicis
1082 945 1250 1019 uberibus
1271 954 1306 1019 et

240 1066 383 1156 crebris
398 1066 427 1140 si
443 1090 586 1141 avenam
602 1067 741 1164 uspiam
752 1066 896 1157 rideris;
911 1090 976 1140 neo
986 1057 1182 1141 mercatura
1192 1089 1307 1161 quaes-

240 1197 354 1277 tuosa,
378 1188 407 1261 si
431 1187 468 1260 in
489 1188 649 1286 maximis
667 1188 774 1262 lucris
791 1211 921 1285 parum·
931 1187 1064 1282 aliquid
1080 1186 1199 1260 damni
1220 1209 1305 1260 oon-

240 1307 389 1382 traxerit.
407 1303 490 1394 Quis
505 1319 608 1405 neget
623 1332 663 1383 ex
675 1331 716 1382 eo
732 1301 1007 1405 quodmaximas
1021 1317 1136 1405 partes
1150 1308 1306 1381 eontinet

239 1427 476 1525 latissimeque
494 1430 670 1524 tunditur,
689 1438 798 1503 totam
819 1453 894 1503 rem
911 1429 1103 1526 appellari?
1117 1428 1233 1517 Vires,
1246 1453 1305 1508 va:

240 1547 374 1639 letudo,
390 1550 532 1639 divitiae,
544 1552 714 1639 honoreS,
729 1551 855 1646 gloria,
868 1550 972 1624 etiam
986 1550 1014 1623 si
1027 1573 1095 1645 qua
1108 1572 1188 1647 pars
1203 1549 1304 1638 absit,

239 1692 383 1766 genere,
403 1694 474 1744 non
493 1667 659 1760 numero,
679 1680 900 1743 cernuntur:
926 1672 961 1743 in
982 1670 1049 1744 vita
1071 1680 1188 1744 autem
1211 1680 1246 1745 et
1268 1671 1304 1743 in

241 1791 345 1865 rebus
360 1791 545 1881 humanis,
562 1792 609 1866 ita
624 1794 812 1866 maximam
827 1803 962 1890 partem
978 1793 1112 1866 obtinet
1124 1792 1252 1881 virtue,
1266 1801 1307 1866 ut

240 1915 316 2011 ejus
339 1915 581 2012 magnitudine
604 1915 695 1989 mala
723 1915 840 1990 omnia
862 1915 1078 2007 obruantur3
1099 1915 1183 1990 item
1206 1916 1305 1989 beata
1413 1947 1416 1953 ¹

240 2035 323 2125 vita,
336 2036 442 2110 etiam
456 2037 485 2111 si
498 2019 539 2111 ex
551 2037 667 2133 aliqua
683 2047 779 2134 parte
796 2037 988 2126 clauderet,
1004 2047 1122 2111 tamen
1138 2060 1177 2124 ex
1193 2036 1304 2111 multo

240 2157 371 2254 majore
383 2149 485 2254 parte.
495 2158 669 2232 obtineret
682 2181 810 2231 nomen
825 2161 961 2232 suum².
1040 2183 1044 2189 ·

291 2277 435 2362 «Quum
462 2288 601 2368 autem,
625 2278 758 2358 ubisit
779 2278 916 2352 virtutis
945 2278 1060 2352 divina
1084 2280 1304 2376 praestantia,

240 2422 315 2473 asse
335 2399 475 2474 miseria
492 2410 527 2474 et
544 2423 700 2474 aerumna
719 2424 791 2473 non
805 2400 931 2496 possit,
945 2409 1062 2475 tamen
1082 2401 1180 2474 labor
1196 2402 1306 2498 possit

240 2529 275 2593 et
292 2521 470 2612 molestia;
491 2544 562 2595 non
581 2520 703 2595 dubito
721 2521 855 2611 dicere,
872 2545 994 2596 omnes
1013 2522 1187 2619 sapientes
1208 2546 1304 2596 sem-

239 2665 301 2737 per
318 2640 551 2732 heatos'esse,
572 2643 633 2715 sed
652 2652 769 2715 tamen
790 2643 864 2715 fieri
883 2665 1005 2739 posse,
1021 2652 1060 2716 ut
1075 2642 1119 2716 sit
1133 2643 1221 2736 alius
1237 2644 1305 2718 alio

240 2762 437 2837 beatior³.u
502 2838 506 2845 ,
869 2845 872 2849 ,
1103 2836 1110 2849 ,

288 2884 467 2962 Hactenus
485 2884 638 2981 antiquae
660 2884 889 2982 philosophiae
908 2885 1019 2983 magis
1043 2909 1149 2982 quam
1168 2885 1301 2961 Stoico·

240 3030 320 3081 rom
343 3009 457 3083 alfinis
477 3033 572 3099 esse,
597 3032 669 3088 suae
688 3008 855 3082 doetrinae
876 3007 1047 3081 elementa
1070 3032 1089 3080 a
1115 3009 1306 3084 Polemone

237 3130 427 3227 accepisse,
442 3138 476 3202 et
490 3130 725 3203 recentiorum
737 3129 936 3203 Stoicorum
951 3139 1180 3227 temperatam
1197 3131 1318 3205 disci>

240 3251 372 3349 plinam
393 3249 492 3345 sequi
509 3247 881 3334 videturdntioehus:
906 3250 953 3324 ita
973 3251 1167 3340 Zenonem,
1185 3252 1304 3327 virtuti

239 3373 319 3470 plns
335 3372 545 3445 tribuentem
561 3394 667 3467 quam
679 3380 804 3444 natura
819 3371 983 3468 patiatur,
996 3373 1239 3468 reprehendit,
1254 3385 1305 3463 et,

240 3494 422 3567 ambitiosa
437 3493 615 3583 recidens,
635 3493 833 3567 Stoicorum
855 3492 942 3564 illud
965 3493 1165 3584 decretum,
1186 3496 1304 3569 omnia

232 3615 381 3712 ,pedoata
395 3638 470 3689 esse
485 3615 596 3711 paria,
611 3603 918 3688 vehementissime
934 3613 1171 3711 improbavit&

273 3883 365 3942 ¹Piso,
382 3883 418 3931 De
431 3882 485 3933 Fin
502 3920 510 3942 ,
525 3885 558 3943 V,
573 3886 618 3943 26,
633 3886 674 3932 29.

271 3971 284 4008 2
299 3973 389 4031 Tusa,
403 3973 435 4031 V,
451 3975 474 4020 8.
488 3991 521 4000 -
533 3973 568 4020 Gl.
583 3972 712 4031 Pisonem,
727 3973 764 4022 De
778 3972 857 4031 Fiat,
872 3972 905 4031 V,
921 3975 960 4019 30.

272 4058 285 4098 3
299 4063 366 4120 Piso,
384 4063 420 4110 03
434 4061 496 4111 Fiat.
507 4098 515 4132 ,
528 4062 561 4121 V,
577 4064 616 4109 32.

271 4150 284 4187 ⁴
299 4149 395 4210 stood,
409 4151 446 4210 ll,
462 4154 501 4198 ta.
