2967 4609
748 189 796 263 20

242 357 324 410 cum
336 336 726 433 philosophum,oontra
738 335 896 411 Philonis
906 337 1056 412 lautores
1066 338 1301 437 disputantem

240 457 439 533 inducebat.

261 598 263 604 ·
290 579 416 655 Octavo
432 579 569 655 circiter
583 603 675 654 anno
697 590 882 677 postquam
905 581 1010 656 Sosus
1023 582 1218 679 prodierat,
1232 581 1306 655 An-

240 700 378 775 tiochus
393 703 437 775 ad
451 702 601 775 Balbum
620 703 716 776 hunc
737 701 869 776 librum
888 703 985 777 misit
999 704 1035 776 in
1057 726 1126 799 quo
1144 704 1304 777 «Stoicos

242 845 351 896 ocum
365 822 603 919 Peripateticis
628 846 666 896 re
689 822 875 897 concinere
893 824 1086 913 asserebat,
1101 824 1216 897 verbis
1233 824 1307 896 dis-

242 967 452 1041 «creparem
463 966 569 1040 quam
582 957 699 1017 tamen
713 943 921 1018 sententiam
934 944 1065 1018 Balbus
1082 945 1156 1043 ipse
1170 944 1305 1041 impro-

240 1064 354 1138 babat.
371 1064 453 1139 Haec
471 1064 657 1162 scripserat
676 1064 871 1139 Antiochus
893 1074 934 1138 ut
954 1065 1119 1139 adversus
1141 1055 1302 1139 Philonis

241 1185 431 1283 discipulos
456 1187 682 1260 contenderet
703 1186 900 1260 Stoicorum
923 1186 1307 1284 Peripateticorumque

242 1309 342 1406 quasi
356 1331 539 1407 germanas
554 1333 629 1384 esse
644 1309 820 1384 doctrinas
839 1310 1049 1407 easdemque
1063 1310 1193 1407 pariter
1213 1320 1307 1384 ortas

242 1456 283 1506 ex
296 1421 401 1506 veteri
416 1430 494 1521 illa,
510 1453 616 1527 quam
631 1431 705 1530 ipse
719 1413 922 1521 renovabat,
935 1429 1134 1506 Academia.

204 1645 212 1659 ·
290 1559 396 1634 Liber
409 1559 490 1657 περὶ
507 1558 613 1642 Θεῶν,
627 1558 663 1631 in
681 1582 750 1655 quo
765 1559 929 1657 proelium
943 1559 1107 1633 adversus
1119 1559 1307 1656 Tigranem

243 1679 516 1769 memorabatur,
531 1679 574 1752 ad
589 1679 795 1782 novissimos
809 1681 919 1754 aetatis
936 1681 1012 1779 ejus
1026 1703 1137 1755 annos
1152 1681 1308 1757 releren-

243 1803 310 1876 dus
325 1810 387 1875 est.

292 1929 440 2015 Guinam
473 1952 553 2004 vero
588 1931 736 2028 tempori
775 1930 983 2027 assignanda
1013 1930 1084 2004 sint
1117 1954 1195 2027 quae
1228 1930 1311 2028 περὶ

244 2062 314 2129 τῶν
327 2060 537 2132 Korounda
555 2059 741 2155 scripserat
760 2058 971 2148 Antiochus,
990 2059 1177 2133 nescimus.
1206 2057 1309 2155 Apud

245 2182 387 2258 Sextum
404 2180 623 2277 Empiricum
646 2204 665 2253 e
689 2180 844 2254 secundo
866 2181 973 2277 hujus
995 2180 1109 2278 operis
1131 2180 1220 2253 libro
1245 2180 1312 2253 de-

246 2311 426 2397 sumptum
438 2301 592 2376 occurrit
603 2301 837 2396 fragmentum
850 2302 1043 2397 quoddam,
1054 2302 1091 2374 iu
1106 2325 1176 2398 quo
1191 2310 1309 2375 autem

247 2422 441 2497 Antiochus
456 2447 526 2497 uon
541 2445 654 2513 suam,
665 2422 725 2496 sed
734 2421 949 2519 Asclepiadis
962 2422 1088 2495 medici
1102 2422 1309 2496 sententiam

247 2545 402 2639 exponit,
416 2543 470 2619 Ad
488 2545 628 2619 eosdem
648 2545 691 2618 de
709 2543 820 2640 logica
842 2553 914 2618 arte
929 2543 1036 2617 libros
1059 2542 1178 2617 reterri
1199 2552 1312 2641 potest

247 2664 342 2738 aliud
364 2667 457 2761 apud
476 2665 641 2740 eumdem
657 2663 821 2737 Antiochi
835 2665 1086 2761 fragmentum,
1101 2663 1163 2738 ubi
1182 2664 1224 2738 de
1245 2665 1311 2737 du-

248 2786 331 2882 plici
347 2787 538 2884 phantasiae
553 2785 805 2883 significatione
819 2785 967 2882 agitur¹.

298 2908 373 2993 Quo
388 2908 425 2980 in
440 2932 542 3006 opere
551 2907 762 2998 Antiochus,
775 2916 816 2980 ut
828 2907 966 3005 scripsit
976 2907 1112 2996 Cicero,
1125 2907 1312 2982 Carneadis

250 3029 483 3126 Chrysippum
496 3028 783 3126 reprehendentis
800 3028 1014 3102 mentionem
1027 3028 1162 3117 lecerit,
1173 3038 1235 3102 aut
1250 3028 1314 3100 rir-

249 3159 361 3224 tutem
385 3172 447 3246 per
469 3172 505 3223 se
525 3148 663 3222 beatam
677 3148 784 3222 vitam
810 3149 946 3223 elficere
969 3172 1089 3245 posse,
1105 3173 1176 3223 non
1196 3159 1313 3222 tamen

250 3271 503 3361 beatissimam,
522 3271 771 3361 contenderitt,
790 3272 964 3345 incertum
989 3283 1052 3346 est.
1075 3272 1166 3346 Satis
1193 3283 1311 3347 autem

251 3392 449 3490 significant
462 3392 638 3466 Ciceronis
650 3392 754 3466 verba
769 3392 876 3489 hujus
891 3392 927 3464 in
943 3393 1107 3467 manibus
1122 3393 1229 3468 luisse
1246 3393 1315 3466 An-

246 3745 248 3748 ,
288 3680 296 3717 ¹
314 3680 378 3731 Ado.
392 3680 497 3743 Malle,
513 3683 568 3743 llll,
582 3681 612 3748 §5
625 3686 672 3732 201
686 3687 711 3732 et
724 3686 780 3732 los.

285 3770 298 3807 ²
313 3772 388 3820 Tuae.
403 3773 516 3834 erroest„
531 3773 576 3832 lll,
590 3776 637 3822 tt:
657 3773 775 3832 Quocirca
791 3772 943 3831 Carneades,
961 3777 989 3822 ut
1001 3772 1071 3822 video
1085 3776 1195 3821 nostrum
1209 3772 1317 3820 scribere

253 3860 413 3920 Antiochum,
433 3862 611 3924 reprehendere
628 3861 790 3925 Chrysippum
809 3862 917 3921 solebat,
932 3863 1073 3911 laudantem
1086 3861 1244 3923 Euripideum
1263 3874 1318 3909 car-

254 3966 310 4000 men
323 3952 382 4001 illud
393 3988 399 4000 .
412 3988 418 4000 .
431 3988 437 4000 .
450 3988 456 4000 .
472 3952 506 4000 lb⁴
520 3953 548 4012 v,
564 3956 577 4001 8
589 3968 595 4001 ε
611 3952 659 4001 lsta
673 3952 732 4001 mihi
746 3967 802 4002 cum
813 3952 930 4001 Antiocho
943 3966 1022 4015 saepe,
1036 3954 1062 4000 et
1072 3965 1128 4000 cum
1138 3951 1218 4000 Aristo
1228 3964 1316 4013 nuper,

252 4055 329 4103 quum
347 4039 447 4090 Athenis
463 4041 598 4104 imperator
614 4043 679 4104 apud
696 4055 754 4091 eum
767 4043 923 4100 deuersarer,
937 4040 1057 4091 dissensio
1071 4040 1125 4090 tuit.
1138 4076 1144 4088 .
1158 4077 1164 4089 .
1177 4077 1183 4088 .
1198 4040 1318 4089 Diceban-

252 4133 293 4178 tur
306 4130 359 4180 haec
371 4144 426 4192 quae
439 4130 536 4193 scripsit
549 4130 681 4179 Antiochus
693 4130 753 4179 locis
766 4130 876 4192 pluribus
888 4166 893 4176 .
905 4166 911 4176 .
923 4167 928 4176 .
940 4166 945 4176 .
