2967 4609
747 180 794 255 70

286 330 379 404 Dum
403 339 521 403 autem
543 329 692 426 exquirit
707 329 793 426 quid
814 352 935 403 verum
959 328 1004 402 sit
1027 339 1061 403 et
1082 352 1188 427 quarn
1207 339 1301 404 recte

238 452 314 527 haec
327 451 445 528 omnia
460 452 635 542 dicantur,
652 451 880 543 distrahitur,
896 461 972 524 turn
986 451 1148 525 Antiochi
1161 461 1302 525 senten·

122 587 127 604 ‘
239 572 286 648 tia
301 573 524 670 probabilior,
539 581 615 646 turn
635 573 783 647 Zenonis
796 572 932 647 videtur
948 598 955 644 :
974 574 1221 669 quodcumque
1238 596 1303 647 au·

240 705 310 769 tem
337 694 495 767 animum
518 693 759 790 probabilitate
782 693 969 791 percussit,
992 693 1028 766 id
1054 693 1170 772 dicit¹.
1199 693 1303 767 Dabit

241 814 347 911 igitur
360 815 550 904 Antiocho,
566 823 608 888 ut
621 813 666 887 sit
679 814 802 888 beatus
819 837 956 911 semper
970 814 1126 910 sapiens;
1149 814 1302 911 antiquae

240 934 336 1009 enim
351 934 579 1032 philosophiae
597 935 766 1024 santoneo,
785 959 803 1008 a
826 935 967 1009 Socrate
981 944 1046 1008 eta
1063 934 1207 1008 Platone
1221 959 1304 1031 pro-

241 1056 338 1145 iecti,
359 1064 492 1128 tantam
514 1056 749 1152 praestantiam
768 1056 805 1128 in
824 1056 926 1130 bonis
945 1055 1053 1128 animi
1068 1079 1144 1129 esse
1161 1056 1303 1147 dicunt,

241 1186 281 1250 ut
292 1176 335 1250 ab
350 1176 406 1250 his
421 1186 456 1250 et
468 1177 559 1251 bona
574 1179 728 1276 corporis
741 1189 776 1253 et
790 1188 929 1253 externa
949 1179 1193 1266 obscurentur,
1208 1187 1243 1252 et
1255 1178 1303 1250 ita

242 1298 323 1374 licet
345 1297 395 1374 eis
415 1299 616 1395 gravitatem
642 1300 916 1396 dignitatemque
940 1299 1076 1372 virtutis
1099 1321 1304 1394 exaggerare

241 1427 277 1493 et
296 1419 430 1516 reliqua
449 1444 489 1494 ex
505 1420 688 1495 collatione
702 1430 882 1496 conterere
905 1429 940 1495 et
960 1429 1193 1494 contemnere.
1221 1420 1305 1493 Car-

241 1541 388 1614 neadem
408 1551 582 1615 memorat
597 1543 688 1616 hano
703 1542 972 1617 controversiam
992 1542 1039 1615 ita
1050 1542 1210 1639 judicare
1225 1541 1306 1614 soli·

243 1671 320 1734 tum
345 1685 437 1751 esse,
462 1672 517 1753 ut,
539 1663 656 1759 fquum
675 1687 908 1759 quaecumque
930 1664 1021 1737 bona
1044 1663 1305 1760 Peripateticis,

243 1783 365 1857 eadem
379 1783 701 1858 Stoiciscommoda
713 1783 924 1872 viderentur,
939 1763 1053 1880 neque
1067 1793 1186 1858 tamen
1207 1784 1306 1859 Peri·

243 1903 382 1999 patelini
396 1904 475 2001 plus
490 1905 685 1979 tribuerent
694 1904 837 1994 divitiis,
852 1904 1167 1994 bonaevaletudini,
1182 1904 1306 1978 ceteris

243 2024 349 2104 rebus
364 2026 500 2121 generis
515 2027 689 2123 ejusdem,
705 2049 847 2100 causam
860 2050 936 2101 esse
945 2025 1137 2098 dissidendi
1150 2035 1306 2120 negarem
1366 2053 1370 2059 ·
1469 2045 1471 2080 ὲ

244 2145 366 2241 etipse
381 2146 520 2236 scribit,
534 2146 714 2235 Antiochi,
729 2157 769 2220 ut
781 2148 929 2237 videtur,
955 2146 1065 2243 ipsius
1082 2146 1195 2240 verbis
1210 2146 1309 2219 adhi-

243 2265 343 2342 bitis:
361 2267 435 2339 uUt
452 2277 649 2364 quaestuosa
664 2278 875 2358 mercatura,
897 2269 1074 2342 fructuosa
1092 2268 1199 2342 aratio
1221 2267 1309 2341 dici·
1383 2341 1385 2348 ⁴

248 2396 342 2477 rtur,
364 2411 435 2462 non
459 2388 488 2461 si
509 2388 614 2462 altera
635 2412 773 2486 semper
796 2390 892 2463 omni
915 2390 1060 2478 damno,
1082 2389 1188 2462 altera
1210 2388 1308 2462 omni

247 2509 487 2604 «tempestatis
501 2510 696 2585 calamitate
711 2534 849 2608 semper
860 2520 972 2600 vacat3
986 2511 1046 2584 sed
1065 2509 1094 2584 si
1107 2510 1218 2584 multo
1232 2532 1309 2584 ma-

248 2628 346 2724 «jore
367 2652 408 2702 ex
429 2639 526 2725 parte
546 2640 655 2703 exstat
675 2631 712 2703 in
733 2641 880 2727 utraque
899 2630 1062 2719 felicitas3
1083 2630 1133 2703 sio
1151 2630 1218 2702 vita
1236 2653 1306 2703 non

248 2748 389 2823 «solum
405 2749 433 2823 si
443 2749 600 2847 undique
613 2752 738 2825 referta
751 2751 853 2825 bonis
865 2761 929 2840 est,
939 2751 999 2825 sed
1012 2751 1041 2824 si
1054 2750 1164 2824 multo
1176 2750 1309 2847 majore

248 2879 308 2942 «et
321 2871 475 2965 graviore
492 2894 531 2944 ex
549 2881 646 2968 parte
660 2872 753 2946 bona
767 2872 1000 2969 propendent,
1015 2871 1115 2944 beata
1130 2879 1223 2944 recte
1238 2870 1308 2944 dici

139 3026 148 3050 ·
248 2994 443 3088 «potent»

295 3112 387 3185 Dum
405 3112 524 3186 Cicero
540 3113 720 3209 antiquam
735 3114 992 3211 philosophiam
1014 3113 1062 3187 ita
1084 3136 1166 3187 oum
1180 3112 1322 3187 Stoico·

247 3256 326 3307 rum
345 3233 502 3312 doctrina
524 3244 720 3331 comparat,
741 3258 813 3308 non
826 3236 869 3308 ad
886 3235 921 3308 id
936 3235 1048 3309 tendit
1066 3245 1107 3308 ut
1123 3244 1310 3330 utramque

246 3377 308 3450 per
324 3355 468 3429 alteram
483 3365 625 3444 evertat,
638 3356 697 3430 sed
713 3379 771 3430 eas
786 3356 876 3430 inter
888 3379 924 3430 se
937 3355 1122 3430 conciliare
1132 3363 1167 3429 et
1178 3354 1311 3429 sociare

247 3474 416 3551 inanimo
433 3476 508 3572 ejus
524 3486 584 3550 est.
605 3477 725 3572 ltaque
740 3499 852 3574 quum
875 3477 1072 3551 Stoicorum
1093 3485 1212 3550 tuetur
1235 3498 1312 3548 sen-

247 3594 408 3685 tentiam,
422 3596 593 3671 Antiocho
608 3607 725 3671 tamen
745 3597 877 3692 aliquid
891 3597 965 3671 vult
982 3596 1126 3671 concedi
1138 3598 1174 3686 3;
1199 3619 1311 3693 quum

282 3843 289 3878 ¹
307 3840 402 3901 deod,
417 3842 555 3903 11,13,-
570 3843 660 3902 Tuam,
675 3843 707 3902 ll,
722 3844 810 3891 11.-
822 3843 860 3891 De
874 3841 952 3900 Five,
967 3843 1002 3902 V,
1016 3845 1057 3891 26.

280 3928 1239 3993 2Tusc.‚V‚11,ao,al,a1.·-Aca‹t.‚11,tta-beatu,w,
1262 3936 1310 3991 20,

248 4021 293 4079 11,
308 4023 348 4068 aa.

281 4106 345 4159 δυο
358 4108 436 4168 Fin,
451 4110 478 4156 v.
494 4134 525 4145 -
539 4089 628 4167 rusa,
643 4109 670 4157 v.
