2967 4609
730 171 776 243 38

225 330 296 392 tam
308 342 396 416 pene
416 319 451 390 in
466 318 689 392 Academiam
704 316 922 390 transtulisse
938 327 1114 407 notarent,
1132 341 1286 415 persaepe
1339 351 1343 360 ¹
1469 323 1470 400 l

224 440 523 514 insimulaverunt.
1143 507 1145 510 .

273 560 355 634 llaec
375 560 450 656 ipsa
470 559 680 655 conspiratio
694 568 729 631 et
746 558 845 654 quasi
867 557 1024 632 conlusio
1046 559 1286 632 doctrinarum

225 680 419 779 praecipua,
447 691 485 754 ut
508 680 676 767 diximus,
702 702 807 753 causa
833 680 963 767 luerat,
996 703 1060 753 cur
1085 690 1157 754 tam
1183 680 1286 753 multi

224 802 436 876 Antiochum
457 802 642 875 audirent:
670 801 789 874 nullus
803 811 877 874 erat
890 801 985 874 enim
998 801 1060 897 qui
1075 801 1119 874 ab
1135 801 1200 874 ista
1215 801 1287 874 An-

224 924 331 998 tiochi
353 934 387 998 et
407 923 512 997 Aristi
532 923 636 998 veteri
659 923 845 997 Academia
867 923 1022 1002 alienum
1042 922 1187 996 haberet
1211 922 1288 996 ani-

224 1067 342 1133 mum,
365 1044 522 1140 quamvis
542 1044 741 1118 Stoicorum
760 1043 920 1141 partibus
943 1054 982 1117 ut
1003 1044 1130 1132 Varro,
1155 1043 1286 1117 Balbus

223 1175 258 1238 et
270 1165 417 1255 BrutuS,
437 1175 497 1239 aut
510 1165 821 1262 Peripateticorum
840 1174 880 1238 ut
892 1165 992 1254 Piso,
1018 1175 1080 1238 aut
1093 1164 1287 1261 Epicureo·

225 1308 305 1358 rum
320 1286 518 1382 quidemn
530 1286 665 1360 Atticus
677 1287 814 1360 faveret.
1123 1377 1126 1382 ι

272 1407 468 1480 Fatendum
483 1418 535 1481 est
548 1407 731 1495 Nostrum,
749 1408 834 1481 dum
848 1407 890 1481 de
906 1387 1133 1504 superiorum
1142 1416 1285 1481 aetatum

225 1528 418 1625 disciplinis
438 1538 570 1625 ageret,
591 1552 704 1625 neque
728 1529 845 1602 omnia
867 1538 997 1602 attente
1021 1538 1061 1602 ut
1077 1528 1286 1604 historicum

224 1650 455 1739 adnotavisse,
470 1674 583 1746 neque
600 1651 717 1724 omnia
738 1661 778 1724 ut
786 1651 943 1745 judicem
958 1651 1193 1748 perpendisse.
1220 1651 1289 1726 Sed

223 1795 263 1845 eo
278 1772 471 1868 praesertim
482 1771 649 1861 eminuit,
665 1772 950 1868 quodveritatem
963 1772 1114 1845 mirabili
1130 1774 1285 1869 quodam

224 1914 342 1967 amore
356 1893 555 1990 amplexus,
569 1894 686 1967 omnia
709 1917 788 1990 quae
810 1917 887 1967 vera
905 1894 1112 1968 videbantur
1127 1894 1286 1990 undique

225 2015 433 2111 accipiebat,
456 2025 496 2088 ut
517 2015 563 2088 ita
583 2015 729 2112 simplex
751 2016 910 2111 quaedam
934 2026 968 2089 et
989 2026 1197 2112 temperata,
1224 2039 1290 2089 nec

226 2135 469 2234 illecebrarum
484 2159 548 2210 nec
568 2135 726 2209 utilitatis
741 2158 882 2232 experS,
909 2135 1066 2209 doctrina
1091 2135 1286 2223 exsisteret,

226 2279 294 2351 qua
319 2256 462 2353 quidem
482 2281 502 2330 a
527 2256 743 2332 scholasticis
769 2256 1011 2331 controversiis
1035 2257 1289 2345 remotissima,

227 2377 386 2451 omnium
399 2378 465 2453 sibi
480 2378 682 2453 conciliaret
695 2378 843 2451 animos.

548 2694 693 2769 umor
719 2694 972 2799 sueunouu.

581 2889 745 2965 Antiochi
758 2860 942 2965 Doctrina}
1042 2955 1050 2960 .

227 3095 235 3110 ⁸
277 3109 366 3194 Quid
393 3108 614 3205 superiorum
638 3117 780 3189 aetatum
804 3108 997 3204 disciplinis
1017 3109 1210 3183 Antiochus
1231 3110 1293 3183 de-

227 3231 344 3305 buerit
357 3241 391 3305 et
403 3255 474 3327 quo
486 3232 580 3305 sonte
593 3232 668 3328 ejus
682 3231 839 3304 doctrina
853 3232 1003 3328 dentata
1017 3232 1078 3320 sit,
1091 3254 1202 3327 quum
1214 3232 1288 3327 jam

229 3356 442 3444 noverimus,
458 3379 553 3429 nunc
568 3356 611 3429 de
626 3355 699 3451 ipsa
718 3356 794 3452 ejus‘
815 3355 971 3435 doctrina
991 3356 1092 3428 nobis
1110 3355 1288 3451 agendum

229 3487 292 3566 est,
304 3500 344 3566 ac
357 3477 523 3574 primum,
536 3478 620 3574 quid
633 3478 675 3551 de
690 3500 829 3551 summa
840 3477 1070 3574 philosophia
1086 3487 1120 3551 et
1133 3467 1291 3573 partibus

230 3597 324 3671 illius
341 3609 512 3687 censeret,
529 3599 795 3695 exquirendum.

279 3720 423 3793 Dicebat
443 3721 636 3799 Antiochus
652 3723 770 3794 chanc
785 3743 861 3794 esse
880 3722 1038 3816 regulam
1056 3721 1162 3794 totius
1178 3720 1293 3818 philo-

234 3841 406 3937 «sophiae,
430 3841 714 3915 constitutionem
728 3841 815 3931 veri,
830 3840 922 3930 falsi,
945 3841 1090 3937 cogniti,
1106 3835 1292 3937 incog'niti3

234 3986 365 4059 <equam
376 3963 544 4036 rationem
554 3963 613 4058 qui
624 3962 1293 4059 susciperent,docerequevellent,quae

234 4109 279 4158 «a
294 4085 414 4181 quovis
434 4085 544 4181 accipi
562 4095 735 4181 oporteret
753 4095 787 4158 et
810 4109 888 4180 quae
905 4084 1096 4188 repudiari,
1112 4095 1204 4159 certe
1226 4087 1293 4168 hoc
