2967 4609
761 153 808 225 32

254 301 298 377 ab
313 300 401 390 illis,
420 299 572 395 antiquae
586 296 816 397 philosophia
833 298 994 393 dogmata
1008 287 1167 372 retinens
1177 307 1211 371 et
1226 298 1320 374 Stoi-

255 446 378 498 corum
392 421 632 519 adstipulator,
646 421 773 497 Noster
787 419 998 496 dissentiret.

305 543 522 634 «ArcesilaS,
549 543 596 617 ait
621 543 810 634 Lucullus,
838 542 968 653 Zenoni
990 543 1208 632 obtrectanS,
1230 540 1319 616 dum

254 666 359 762 hujus
379 663 596 739 definitiones
611 662 818 738 labefactare
831 663 922 755 vult,
937 674 1083 738 conatus
1097 673 1150 738 est
1166 663 1320 740 clarissi-

253 785 321 858 mis
332 784 437 859 rebus
448 784 608 859 tenebras
619 783 804 859 obducere.
815 785 1018 883 Quumjam
1027 784 1319 882 philosophorum

254 905 446 1002 disciplinae
455 904 665 1001 gravissimae
676 904 924 995 constitissent,
936 915 1013 1002 tum
1027 915 1165 979 exortus
1177 915 1241 995 est,
1256 906 1319 1002 qui

253 1027 509 1124 philosophiam
522 1027 611 1101 bene
624 1025 850 1102 constitutam
864 1029 1085 1125 perturbaret
1096 1036 1319 1117 eteverteret,

252 1148 337 1221 etin
354 1170 477 1222 eorum
492 1139 696 1222 austeritate
711 1148 932 1223 delitesceret
944 1148 1002 1244 qui
1019 1157 1206 1244 negassent
1219 1148 1320 1244 quid-

254 1291 360 1364 quam
386 1268 468 1342 sciri
490 1278 551 1342 aut
572 1268 703 1366 percipi
726 1273 838 1366 posse.
864 1269 943 1343 Non
967 1279 1086 1343 autem
1097 1270 1176 1366 jure
1198 1277 1262 1343 sno
1284 1279 1320 1343 et

252 1390 419 1488 Physicos
432 1400 467 1465 et
477 1390 659 1465 Platonem
676 1400 711 1465 et
722 1392 900 1466 Socratem
920 1390 1092 1465 Arcesilas
1104 1391 1318 1488 proferebam

253 1535 319 1586 nec
339 1513 414 1610 ejus
442 1513 618 1587 calumnia
641 1513 850 1588 conserenda
874 1523 927 1588 est
949 1512 1193 1587 camillorum
1217 1536 1318 1587 vere-

254 1635 382 1709 cundia
394 1625 466 1730 qui,
476 1635 654 1709 nonnullis
666 1635 752 1709 locis
765 1635 976 1725 haesitantes,
990 1635 1095 1709 nimis
1108 1625 1212 1709 ctiam
1227 1659 1319 1731 quae
1363 1712 1368 1721 ,

250 1756 331 1830 dam
346 1756 616 1847 affirmaverant,
630 1765 690 1829 aut
703 1778 785 1830 cum
798 1756 948 1831 Socratis
966 1757 1008 1831 de
1023 1756 1164 1854 propria
1178 1766 1318 1831 senten·

252 1886 300 1958 tia
327 1886 539 1976 detrahentis
569 1885 846 1960 dissimulatione
873 1896 908 1960 et
934 1886 1156 1982 εἰρωνείᾳὶ.»
1193 1886 1252 1975 Et,
1279 1894 1320 1957 ut

253 2008 440 2105 Augustini
459 2009 563 2082 verba
582 2031 815 2105 usurpemus,
841 1989 1065 2081 «Antiochus
1087 2006 1224 2081 dicebat
1243 2029 1319 2080 rem

256 2129 461 2202 «insolitam
478 2138 513 2202 et
527 2129 570 2201 ab
589 2129 753 2225 opinione
770 2138 927 2202 veterum
944 2128 1214 2202 remotissimam
1227 2128 1318 2202 Aca-

257 2251 439 2326 cdcmicos
462 2273 567 2324 novos
587 2259 729 2324 conatos
752 2249 935 2339 induccre3
958 2248 1118 2345 inquam
1138 2258 1320 2323 remvete-
1387 2249 1389 2252 ’

225 2409 232 2422 ·
257 2395 365 2446 «rum
385 2371 616 2470 physicorum
633 2371 852 2467 aliorumque
866 2393 1077 2467 magnorum
1093 2370 1319 2467 philosopho-

257 2517 364 2566 arum
381 2493 764 2591 implorabatfidem2»
1213 2573 1215 2576 ,

305 2615 354 2687 lta
378 2613 572 2687 Antiochus
597 2612 633 2684 in
660 2612 874 2686 simultatem
901 2612 1097 2687 adducebat
1121 2613 1319 2687 Academiae

255 2737 439 2833 utriusque
454 2735 662 2825 sententias,
681 2745 716 2809 et
730 2737 822 2809 hanc
836 2735 1083 2825 recentiorem,
1103 2746 1249 2811 avetere
1265 2760 1319 2811 se-

252 2860 412 2957 junctam
427 2857 595 2953 omnique
612 2848 739 2931 amilio
755 2858 929 2947 orbatam,
944 2857 1219 2953 aggrediebatur.

303 2978 430 3051 Contra
457 2977 682 3052 Academicos
714 2967 820 3051 novos
849 2977 1018 3051 disserere
1047 3002 1087 3052 ac
1117 2978 1318 3074 disputare,

257 3098 413 3194 quamvis
429 3098 484 3171 isti
499 3097 586 3171 nihil
603 3098 872 3194 comprehendi,
888 3098 975 3171 nihil
991 3099 1139 3195 percipi,
1157 3099 1245 3172 nihil
1261 3100 1320 3173 de·

256 3219 350 3292 finiri
364 3242 466 3316 posse
480 3219 656 3308 dicerent,
679 3242 749 3292 non
765 3242 1020 3315 supervacuum
1036 3243 1111 3294 esse
1124 3219 1318 3294 Antiochus

257 3340 534 3414 arbitrabaturt:
562 3362 621 3418 eos
648 3341 873 3436 oppugnabat
904 3340 964 3436 qui
990 3340 1078 3413 nihil
1103 3341 1318 3438 probabant,

257 3472 335 3552 aut,
352 3485 464 3557 quum
487 3461 603 3557 ipsum
617 3483 739 3535 verum
760 3484 796 3535 so
810 3461 970 3557 ignorare
990 3463 1192 3551 faterentur,
1211 3486 1247 3536 se
1261 3487 1319 3537 ve-

256 3583 401 3656 risimile
416 3575 666 3657 contenderent
680 3581 797 3679 sequi;
810 3582 1010 3688 multaque,
1025 3583 1073 3657 ait
1084 3582 1317 3680 Augustinus,

256 3714 461 3801 argumenta
476 3704 694 3800 collegerat&
710 3704 793 3778 Haec
810 3714 926 3779 autem
942 3688 1147 3802 argumenta
1162 3706 1319 3802 exposuit

255 3826 425 3899 Lucullus
439 3825 476 3898 in
491 3825 718 3900 Academicos.
734 3865 736 3869 ·

290 4007 296 4043 ¹
311 4006 407 4068 dead„
422 4009 457 4067 ll,
473 4011 500 4068 5,
515 4011 543 4067 6,
558 4012 603 4067 23,
617 4012 658 4057 at.
815 4009 827 4045 2
844 4010 942 4060 Contra
954 4008 1026 4058 Acod
1042 4011 1096 4069 ,ll‚
1111 4008 1124 4074 5
1139 4013 1179 4058 15.

287 4092 442 4156 &Lucullus
458 4094 553 4154 acad,
571 4096 607 4155 ll,
623 4100 647 4143 6.
818 4097 945 4147 lContra
958 4096 1053 4158 deod,
1069 4098 1105 4157 ll,
1120 4096 1134 4162 ᾗ
1152 4101 1191 4147 15.
