2967 4609
761 227 809 301 54

251 373 299 446 ita
315 371 411 447 eninr
431 383 483 448 est
497 374 707 448 constitutus
723 384 764 448 ut
776 375 903 449 habeat
919 377 1156 473 prestantiam
1171 380 1317 469 mentis,
1413 394 1415 400 ’

253 495 311 570 cui
332 504 403 571 tota
420 495 575 569 hominis
592 506 717 569 natura
732 508 868 594 pareat;
888 497 924 570 in
939 509 1056 573 mente
1071 511 1188 574 autem
1201 502 1246 575 sit
1258 502 1316 576 in-

253 629 357 692 natus
375 641 474 692 arnor
487 616 694 714 cognitionis
712 628 746 692 et
763 618 932 709 scientiae,
947 619 1066 694 innata
1081 623 1206 726 agendi
1218 625 1318 733 cupi-

254 741 342 814 ditas
371 751 405 816 et
426 749 590 814 cernatur
612 740 662 813 vis
686 739 846 835 quaedarn
866 740 1036 816 mirabilis
1059 752 1135 815 turn
1156 744 1318 836 rationiS,

253 871 329 935 turn
343 861 512 935 virtutum
527 861 686 935 omnium
696 863 721 934 ¹.
748 864 755 877 '

286 1053 288 1058 ,
303 1010 321 1053 <r
334 983 470 1056 Horum
483 993 601 1057 autem
616 1006 693 1079 quae
706 993 920 1080 appetuntur
933 984 1042 1058 animi
1058 985 1233 1070 bonorum
1249 988 1319 1060 duo

252 1114 335 1178 sunt
357 1127 502 1201 genera:
529 1128 641 1178 unum
659 1105 828 1179 virtutum
848 1129 926 1201 quae
946 1116 1068 1204 suapte
1083 1117 1208 1182 natura
1225 1108 1322 1205 inge-

252 1227 421 1301 nerantur
442 1227 731 1324 appellanturque
756 1251 827 1300 non
845 1228 1068 1318 voluntariae,
1092 1239 1132 1302 ut
1151 1231 1322 1304 memoria

252 1358 287 1422 et
306 1348 463 1423 docilitas
484 1373 546 1424 seu
569 1348 726 1423 celeritas
744 1350 788 1423 ad
801 1349 1029 1440 discendum3
1050 1350 1200 1424 alterurn
1214 1351 1323 1425 bono

252 1495 331 1545 rurn
348 1495 388 1545 ex
401 1471 559 1546 rnoribus
581 1493 642 1545 seu
661 1471 831 1545 virtutum
852 1471 980 1567 quaein
995 1473 1172 1547 voluntate
1187 1482 1222 1547 et
1238 1497 1322 1547 oon-

252 1592 437 1668 suetudine
471 1592 617 1689 positae,
643 1592 771 1689 partim
808 1592 1061 1667 exercitationis
1097 1576 1322 1684 assiduitate,

251 1714 378 1810 partirn
400 1713 549 1802 ratione,
566 1714 694 1810 partim
716 1714 958 1810 progressione
977 1715 1131 1810 quadarn
1146 1715 1321 1805 lorrnatae,

250 1835 361 1932 magis
375 1835 516 1933 proprio
530 1835 672 1909 nomine
689 1836 832 1909 virtutes
847 1835 1012 1933 appellari
1028 1837 1173 1910 solentl.

302 1957 445 2032 «Virtus
465 1957 607 2053 quidem
631 1949 794 2030 naturam
817 1958 944 2032 docem
962 1957 1160 2054 sequitur³;
1177 1959 1323 2038 sedne-

251 2089 329 2152 tura
349 2079 485 2152 induxit
504 2088 640 2152 tanturn
659 2079 830 2154 elementa
850 2089 884 2154 ct
896 2079 1031 2153 semina
1043 2136 1052 2168 ,
1065 2088 1100 2152 et
1115 2080 1213 2180 quasi
1231 2080 1322 2176 igni-

253 2200 350 2274 culos
384 2209 419 2274 et
450 2199 656 2273 scintillulas
687 2200 843 2289 virtutis,
877 2210 917 2273 ut
948 2200 984 2273 in
1015 2200 1147 2324 optima
1169 2183 1323 2297 'quaque

252 2322 368 2406 indole
390 2323 535 2395 honesta
557 2321 813 2400 adumbrentur
823 2321 1036 2394 &Nostrum
1061 2331 1114 2395 est
1137 2322 1232 2417 quod
1249 2322 1323 2395 ‘illa

251 2443 464 2517 inchoaverit
480 2444 664 2540 perficere,
692 2443 735 2515 ad
757 2466 796 2517 ea
817 2442 989 2540 principia
1012 2467 1090 2538 quae
1118 2444 1323 2540 accepimus

252 2566 500 2661 consequentia
515 2564 715 2662 exquirere,
729 2574 788 2654 ut,
800 2564 971 2637 rationem
987 2565 1262 2660 subsequentes,
1277 2565 1323 2638 ad
1347 2559 1349 2562 ’

252 2690 358 2762 vitam
383 2688 439 2760 his
466 2687 647 2785 principiis
673 2687 949 2760 consentientem
983 2696 1017 2761 et
1047 2688 1320 2785 respondentem

252 2809 510 2909 perveniamus3
524 2808 617 2883 etita
632 2807 739 2881 virtus
754 2807 901 2882 discitur
912 2808 1176 2905 voluntariaque
1189 2832 1231 2885 ac
1247 2819 1319 2883 tnta

254 2941 371 3006 nostra
387 2932 470 3005 esu.

305 3037 462 3125 «Omnes
477 3050 585 3124 animi
602 3050 746 3123 virtutes
762 3059 884 3146 suapte
897 3059 1023 3122 natura
1037 3059 1180 3147 propter
1195 3074 1231 3123 se
1248 3074 1326 3125 esse

255 3173 476 3271 expetendae,
497 3174 571 3269 jam
591 3171 750 3244 indicant
776 3171 876 3268 pueri
907 3172 999 3244 etin
1021 3171 1152 3267 optima
1183 3194 1323 3267 quaque

255 3295 371 3369 indole
397 3292 508 3390 magis
538 3295 714 3389 apparetss.
739 3291 856 3377 Qnurn
878 3302 995 3366 autern
1020 3316 1061 3366 ea
1080 3292 1231 3366 rnaxirne
1253 3293 1324 3367 sint
1404 3285 1410 3296 ’

290 3553 298 3592 ¹
314 3552 382 3611 Piso,
400 3552 434 3610 V,
454 3554 498 3610 11,
514 3553 553 3599 18.
567 3552 647 3598 -De
663 3550 710 3599 isto
727 3550 837 3600 scientiae
850 3564 947 3609 amore,
961 3550 995 3598 ih.
1007 3585 1015 3610 ,
1029 3564 1052 3598 c.
1068 3554 1113 3609 18,
1129 3553 1176 3610 193
1191 3553 1222 3599 do
1234 3552 1324 3615 agendi

256 3643 400 3707 cupiditate,
414 3641 463 3699 ib.,
477 3655 499 3688 c.
515 3643 561 3698 10,
576 3642 616 3687 11κ
1290 3696 1295 3704 .

289 3731 302 3767 2
316 3734 350 3779 De
362 3730 407 3778 ista
421 3728 496 3777 animi
509 3729 628 3777 bonorum
641 3727 773 3787 divisione,
788 3728 855 3786 Piso,
870 3743 892 3776 c.
908 3731 947 3776 13.
961 3747 995 3757 -
1008 3719 1097 3787 Varro,
1113 3727 1209 3788 dead,
1224 3731 1249 3788 1,
1265 3734 1289 3777 5.

289 3818 303 3858 3
316 3800 391 3870 Varro
404 3834 444 3882 ap.
458 3820 520 3883 Aug.
534 3837 568 3848 -
581 3818 649 3876 Piso,
664 3831 686 3865 c.
702 3821 747 3877 15,
762 3820 808 3877 11,
824 3821 869 3877 13,
884 3821 924 3866 at.

289 3912 302 3946 ¹*
317 3910 386 3969 Piso,
401 3924 423 3957 c.
438 3911 512 3968 7,.111
526 3911 550 3957 et
564 3911 604 3956 11.

292 3995 388 4058 5Piso,
402 4012 424 4046 c.
446 4001 475 4046 13
497 4000 522 4046 et
542 3999 581 4045 11.
604 4022 638 4033 -
658 3998 746 4055 Varro,
763 3996 858 4057 deod,
881 3998 907 4057 l‘,
927 4000 950 4046 5.
967 4014 1001 4027 -
1022 3999 1072 4058 ld.,
1093 4012 1132 4061 ap.
1148 3999 1209 4062 lug.
1233 4024 1266 4035 -
1285 3998 1321 4046 Cl.

258 4090 367 4147 tucax,
381 4086 477 4145 acad,
491 4087 528 4143 11,
542 4091 570 4145 o,
585 4090 630 4144 ro,
645 4089 684 4134 xa.
1315 4072 1318 4076 ’

292 4177 305 4216 ὁ
319 4178 389 4237 Piso,
405 4192 426 4226 c.
442 4180 486 4234 11,
502 4180 541 4224 13,
