2967 4609
693 205 740 277 55

185 353 373 452 expetenda
392 374 469 447 quae
484 361 568 424 sunt
581 349 691 447 magis
708 350 746 422 in
761 372 825 423 suo
839 373 966 447 genere
980 349 1186 440 laudabilia,
1200 351 1248 424 ita

161 519 166 524 -
185 478 245 550 sret
264 485 304 549 ut
322 474 431 549 animi
453 473 597 547 virtutes
620 497 690 548 non
708 473 921 547 voluntarias
934 472 1249 546 vincantvolunta-

185 598 255 672 riae.
272 597 312 669 ln
327 594 470 669 homine
484 594 579 668 enirn
594 616 733 668 summa
750 593 865 688 omnis
880 593 989 667 animi
1001 603 1054 667 est
1068 603 1103 668 et
1118 593 1155 665 in
1170 593 1249 667 ani-

105 753 109 759 ·
185 743 243 794 mo
268 709 430 807 rationis,
450 739 517 812 qua
536 713 624 788 nihil
647 715 817 789 divinius:
839 715 948 790 virtus
969 725 1104 805 autern,
1121 714 1250 820 quippe

186 863 264 936 quae
277 848 411 912 naturae
426 837 471 911 sit
484 837 650 934 perfectio
663 848 698 911 ct
709 836 853 911 rationis
868 836 1039 911 absolutio
1048 838 1075 923 ¹,
1089 836 1250 910 omnium

186 961 222 1034 in
245 960 363 1034 animo
384 958 576 1055 positarum
592 982 662 1032 una
683 981 738 1032 res
761 967 814 1031 est
834 957 984 1055 optima,
999 967 1034 1031 et
1047 957 1124 1031 ideo
1139 958 1252 1032 excel-

185 1082 260 1174 lens
279 1091 332 1155 ost
349 1081 424 1178 ejus
443 1080 479 1152 in
499 1080 698 1154 animorum
720 1080 824 1153 laude
845 1080 1043 1177 praestantia
1069 1089 1104 1153 et
1125 1079 1249 1153 marito

185 1204 229 1276 ad
244 1202 340 1276 illam
354 1201 468 1276 omnis
481 1203 612 1291 honos,
626 1200 958 1291 omnisadmiratio,
975 1224 1081 1275 omne
1093 1201 1250 1275 studium

184 1325 365 1398 relecturl.

234 1433 544 1518 «Voluntariarum
570 1444 730 1519 omniurn
756 1445 927 1518 virtutum
955 1454 1007 1518 cst
1034 1443 1245 1540 conspiratio

184 1568 345 1663 quaedarn
372 1577 407 1641 et
433 1566 533 1662 quasi
561 1566 738 1641 conlusio:
772 1589 889 1663 quum,
911 1576 1028 1640 autern
1048 1565 1251 1662 prudentia,

183 1688 428 1785 temperantia,
451 1687 616 1762 fortitudo
636 1699 671 1763 et
688 1688 824 1786 justitia
844 1689 890 1761 ita
912 1688 1003 1761 inter
1021 1710 1057 1761 se
1081 1687 1252 1784 copulatae

181 1829 416 1904 connexaque
435 1808 520 1906 sint,
542 1809 710 1884 illustrior
731 1821 849 1884 tamen
869 1809 928 1882 illa
947 1817 1001 1882 est
1015 1817 1050 1882 et
1063 1807 1168 1881 latius
1183 1831 1248 1903 pa-

184 1938 250 2018 tet,
267 1952 345 2025 quae
363 1929 565 2004 societatem
589 1930 846 2026 conjunctionis
865 1932 1031 2018 humanae
1047 1928 1195 2002 mirifice
1218 1937 1253 2001 et

187 2074 285 2147 aeque
298 2054 446 2128 tucturl.

189 2211 198 2228 ·
237 2173 376 2247 «Homo
393 2196 505 2270 quum
519 2173 646 2247 habeat
661 2174 829 2270 quiddam
850 2174 1013 2248 innatum
1033 2172 1133 2269 quasi
1150 2172 1250 2254 civile

183 2311 287 2397 atquc
304 2302 490 2399 populare,
513 2301 606 2397 quod
621 2302 731 2377 Graeci
746 2297 931 2374 πολιτικὸν
944 2310 1087 2390 vocant,
1104 2324 1185 2397 pars
1199 2310 1252 2374 est

184 2421 1324 2520 fflwmfflmmmmm·

184 2545 339 2618 humana
364 2544 515 2640 quadarn
539 2544 701 2618 socictate
718 2543 756 2618 'et
775 2542 938 2618 caritate:
955 2543 1002 2616 ita
1017 2552 1057 2617 ut
1070 2552 1250 2639 parentes,

183 2654 454 2757 liheri‚›lratres,
468 2668 672 2765 propinqui,
694 2668 832 2756 affines,
854 2666 978 2756 amici,
998 2666 1102 2755 socii,
1125 2688 1248 2740 omnes

182 2789 334 2885 donique
349 2812 412 2863 sua
426 2798 548 2885 sponte
564 2789 635 2862 cari
650 2798 684 2862 et
698 2798 840 2885 propter
856 2811 893 2861 se
911 2788 1093 2884 expetendi
1109 2788 1190 2860 sint.

234 2910 338 2983 «Duo
362 2909 470 3006 igitur
483 2933 616 3006 ¹genera
637 2918 778 3006 propter
799 2931 835 2982 se
856 2909 1130 3005 expetendorum
1151 2930 1250 3005 repe-

88 3021 92 3028 *
184 3031 346 3105 riuntur:
369 3031 453 3105 hinc
472 3008 579 3104 animi
601 3040 635 3106 et
653 3029 808 3127 corporis
831 3029 939 3119 bona,
955 3030 1083 3125 quibus
1099 3029 1251 3126 comple-

183 3162 242 3227 tur
266 3153 354 3228 illud
377 3164 587 3244 extremum3
609 3153 693 3227 hinc
718 3162 836 3227 autern
858 3152 917 3226 illa
940 3162 1097 3242 externa,
1120 3177 1198 3249 quae
1220 3154 1249 3227 si

86 3275 92 3284 ’
182 3296 323 3350 summo
348 3276 440 3349 bono
460 3275 738 3363 continerentur,
761 3296 942 3347 summum
970 3274 1103 3347 bonum
1128 3274 1249 3347 nullus
1326 3263 1329 3271 ’

184 3419 341 3492 unquam
357 3396 495 3493 assequi
509 3398 657 3494 possen.

234 3517 342 3591 «Haec
354 3527 471 3591 tamen
483 3528 765 3613 externa‚quum
778 3518 821 3591 ad
832 3516 970 3590 virtutis
981 3538 1086 3590 usum
1096 3515 1248 3605 valeant,

183 3637 227 3711 ad
253 3660 434 3712 summurn
458 3638 591 3751 bonum
622 3639 774 3735 quadam
803 3637 937 3712 ratione
957 3638 1176 3711 reseruntur:
1198 3648 1250 3711 est

218 3883 226 3920 ¹
244 3884 313 3945 le,
327 3899 349 3935 ο.
365 3887 410 3945 13,
425 3887 471 3945 lt,
486 3887 516 3935 15
529 3888 555 3936 el
567 3887 608 3933 tl.
622 3903 655 3914 -
668 3885 757 3943 Varro,
773 3882 845 3934 deod
862 3883 910 3943 ,1,
924 3886 948 3931 6.

216 3972 229 4010 2
243 3974 313 4032 Piso,
327 3989 350 4024 c.
365 3972 410 4034 st,
424 3978 470 4033 23,
485 3977 526 4024 st.
539 3974 660 4026 -Varro
674 3988 714 4038 up.
729 3974 791 4037 lug.

216 4061 313 4123 ³l‘iso,
327 4077 349 4114 c.
364 4068 404 4114 23.
419 4065 454 4115 Cl.
468 4078 491 4114 c.
506 4066 546 4114 13.

216 4150 229 4188 ⁴
244 4152 314 4212 Piso,
328 4168 350 4202 c.
366 4157 406 4203 28.
