2967 4609
756 240 818 314 ’10

260 386 1325 486 61661116611661611666,66616666666666611666666661;

261 514 322 587 sed
334 511 436 587 Philo
449 512 587 585 adeum
601 509 759 584 doctrina
772 508 1034 583 informandum
1047 508 1197 585 maxime
1210 510 1326 585 value-

261 636 355 707 661;
380 642 493 706 totum
516 631 610 705 enim
636 630 668 706 ei
695 653 732 704 se
755 629 945 704 tradiderat
964 630 1102 721 Cicero,
1127 630 1325 706 admirabili

261 754 414 850 quodam
427 755 470 827 ad
484 751 740 850 philosophiam
756 751 871 825 studio
886 751 1080 826 concitatus
1098 761 1132 826 et
1144 776 1262 827 rerum
1276 753 1327 850 ip

261 899 381 950 sarum
395 874 559 950 varietate
580 883 615 948 et
632 872 874 970 magnitudine
886 875 1072 948 retentusl.
1095 874 1227 949 Eodem
1244 875 1327 948 Phi·

259 996 341 1071 lone
355 995 559 1092 adjuvante,
583 993 645 1068 sed
659 992 833 1091 imprimis
852 994 998 1068 docente
1012 994 1150 1070 Molone
1169 995 1327 1086 Rhodio,

260 1116 419 1192 oratoriae
440 1115 524 1190 artis
544 1115 726 1213 praeceptis
749 1138 786 1190 se
800 1115 1030 1206 instruxerat,
1052 1118 1126 1215 jam
1148 1140 1327 1193 commen·

260 1238 365 1320 tarios
379 1236 569 1330 rhetoricos
584 1237 636 1311 lle
647 1237 847 1311 Inventione
860 1237 1036 1328 ediderat,
1049 1239 1123 1336 jam
1138 1262 1202 1336 pro
1219 1239 1328 1324 Quin·

259 1359 307 1434 tio
327 1359 459 1433 dixerat
476 1369 512 1433 61
533 1359 623 1433 Sext.
640 1358 825 1448 Roscium,
850 1358 1027 1456 parricidii
1041 1381 1161 1450 reum,
1184 1383 1324 1435 summa

261 1502 344 1556 cum
365 1481 483 1571 laude,
502 1480 712 1555 defenderat.
732 1480 843 1577 Igitur
856 1503 968 1577 quum
982 1481 1094 1555 Roma
1109 1481 1195 1555 abiit
1207 1491 1326 1556 aestate

261 1602 344 1677 anni
357 1602 445 1693 675,
461 1602 508 1675 ita
522 1601 738 1691 innotuerat,
751 1609 791 1675 ut
805 1601 944 1675 nullum
959 1626 1067 1700 prope
1080 1602 1199 1700 gloriae
1213 1626 1325 1700 genus

261 1727 293 1802 ei
310 1727 430 1801 deesse
442 1725 629 1800 videretur.

299 1950 361 1999 Ι116
379 1950 443 2000 1161.
463 1949 556 2008 Deon,
577 1947 602 2007 1,
623 1950 648 1996 a.
667 1978 701 1991 -
719 1948 849 1999 Phaedrum
868 1947 1015 2012 Epicureum
1031 1950 1102 1998 valde
1115 1952 1143 1999 61
1154 1949 1325 2013 philosophum

260 2039 406 2103 probaverat
421 2035 473 2102 (Ad
490 2036 568 2098 Diu,
589 2036 660 2095 lllll,
677 2051 717 2101 ep.
736 2035 776 2102 l);
794 2039 936 2088 adolescens
953 2041 1019 2102 apud
1031 2039 1145 2089 Varronis
1164 2039 1324 2104 magistrum,

260 2128 287 2176 h.
298 2127 400 2186 Elium,
415 2128 509 2185 fuerat,
523 2128 566 2189 qui
578 2129 673 2178 Stoicus
686 2141 741 2177 esse
754 2119 851 2177 volebat
863 2125 988 2190 (1166166,
1001 2142 1024 2176 6.
1036 2127 1091 2192 56);
1104 2143 1180 2190 quum
1192 2127 1326 2178 triennium

259 2200 311 2267 faro
327 2216 374 2267 fuit
391 2215 455 2289 urbs
471 2216 525 2267 6166
537 2217 613 2267 armis
626 2220 710 2267 noctes
723 2217 813 2266 611166
826 2215 851 2264 16
864 2216 975 2266 omnium
987 2217 1153 2266 doctrinarum
1166 2217 1324 2267 meditatione

259 2307 404 2356 versabatur
422 2304 546 2370 (Brutos,
567 2321 590 2355 c.
610 2310 657 2368 9⁰3
676 2306 748 2355 annis
765 2304 936 2371 668-676),
954 2308 980 2355 61
995 2309 1049 2355 erat
1061 2320 1117 2355 cum
1131 2306 1210 2356 Stoico
1223 2305 1325 2355 Diodoto

197 2390 200 2396 ’
259 2410 333 2458 quem
345 2395 453 2446 maxime
465 2385 632 2447 admirabatur
643 2400 669 2446 et
680 2396 797 2461 diligebat
810 2410 903 2458 suaque
916 2396 940 2445 ln
954 2398 1025 2445 domo
1038 2411 1070 2445 ex
1081 2410 1111 2446 eo
1124 2400 1234 2460 tempore
1247 2411 1325 2459 usque

259 2486 290 2534 61
303 2485 368 2536 illius
382 2489 485 2536 mortem
498 2486 600 2537 retinuit
612 2484 738 2551 (Brutus,
752 2489 792 2534 81.
807 2516 841 2528 -
857 2482 936 2536 deod.
952 2485 986 2544 11,
1001 2488 1042 2534 86.
1056 2516 1091 2531 -
1105 2486 1217 2535 Deflet.
1232 2486 1323 2546 Dece,

260 2572 284 2633 l,
300 2578 323 2622 3.
338 2599 370 2612 ·-
384 2576 476 2636 Tuan,
491 2576 518 2635 V,
534 2579 574 2626 86.
588 2606 623 2618 -
634 2574 675 2625 Ad
685 2573 762 2634 Dio„
776 2575 822 2634 lli,
836 2588 875 2638 ep.
890 2575 923 2634 1;
937 2574 1007 2634 lllll,
1020 2588 1060 2637 ep.
1076 2577 1116 2624 16.
1130 2605 1164 2618 -
1175 2572 1217 2626 Ad
1227 2572 1323 2632 Attin,

212 2715 225 2735 ·
260 2663 297 2722 ll,
315 2677 354 2725 ep.
374 2667 414 2712 20.
428 2690 463 2699 -
475 2665 565 2713 luctor
584 2664 641 2712 dial.
657 2663 694 2711 Dc
713 2663 804 2721 Orat,
817 2676 839 2711 c.
855 2661 911 2728 311);
925 2664 1057 2712 admodum
1070 2664 1144 2713 etiam
1156 2663 1254 2727 juvenis
1271 2665 1325 2712 Sta-

259 2766 327 2801 seam
339 2753 524 2815 Neapolitanum
536 2754 674 2813 audiverat,
689 2753 783 2802 Pisonis
797 2753 958 2817 magistrum,
979 2754 1098 2813 nobilem,
1117 2754 1204 2813 61611,
1226 2753 1325 2816 Peripa-

260 2841 359 2890 teticum
369 2839 417 2905 (Dc
428 2842 502 2903 Fin,
514 2842 543 2902 V,
553 2846 593 2894 st.
609 2843 708 2892 Staseas
720 2843 785 2904 apud
799 2842 911 2891 Pisonem
922 2842 974 2905 jam
983 2842 1024 2892 illo
1032 2846 1142 2905 tempore
1150 2846 1203 2892 erat
1211 2858 1259 2906 quo
1268 2844 1325 2892 Dia-

259 2931 342 2994 logum
351 2931 389 2981 De
399 2932 508 2981 Oratore
516 2933 627 2982 habitum
639 2946 695 2982 6666
708 2932 780 2996 lingit
792 2932 890 2992 Cicero,
904 2931 1013 2995 Philippo
1025 2946 1076 2981 cos.
1090 2947 1118 2981 a..
1127 2935 1184 2981 663.
1196 2933 1235 2983 De
1248 2934 1323 2982 Oret.

259 3018 283 3076 l,
298 3017 348 3082 21).

291 3110 304 3146 2
318 3112 386 3160 Philo
404 3127 480 3173 quum
497 3112 660 3161 Mithridatico
677 3113 754 3172 hello,
775 3113 839 3175 Sylla
857 3114 882 3160 61
901 3111 1014 3173 Pompeio
1027 3126 1091 3160 coss.
1106 3127 1129 3160 a.
1144 3115 1207 3172 666,
1222 3113 1324 3161 Romam

258 3200 419 3264 profugisset,
434 3201 460 3250 P.
475 3204 501 3251 61
513 3202 538 3249 (l.
549 3201 640 3251 Selium
653 3204 678 3251 et
690 3200 816 3251 Tetrilium
829 3201 937 3265 lingum,
952 3201 982 3249 de
994 3199 1083 3262 quibus
1093 3200 1146 3263 jam
1158 3202 1249 3250 mentio
1260 3202 1324 3250 facta

258 3292 309 3348 661,
334 3290 461 3339 1116161.
482 3287 884 3353 66116666611116661(11611161.
907 3289 1000 3348 fleon,
1022 3289 1045 3348 1,
1066 3291 1095 3348 7,
1116 3292 1145 3338 al
1164 3293 1189 3338 61
1208 3288 1323 3353 passim),

257 3378 286 3436 Q.
302 3378 413 3427 Catulum
426 3376 533 3441 (dead,
548 3378 582 3438 ll,
597 3379 621 3437 1,
636 3381 661 3436 6,
675 3377 716 3443 18)
730 3381 756 3426 61
768 3380 905 3440 complures
919 3378 980 3426 alios
994 3379 1076 3428 Romae
1088 3379 1211 3428 auditores
1224 3379 1323 3438 habuit,

258 3468 292 3517 ibi
309 3470 371 3518 duos
388 3468 463 3518 libros
481 3469 556 3518 edidit
574 3483 649 3531 quos,
663 3469 836 3518 Alexandriam
849 3468 949 3527 6116166,
964 3467 990 3516 16
1003 3469 1115 3517 Antiochi
1128 3483 1215 3517 manus
1228 3469 1324 3518 senisse
1395 3514 1401 3526 ,

257 3571 281 3605 6.
301 3560 348 3606 668
360 3557 412 3620 jam
426 3558 570 3617 retulimus,
589 3557 687 3606 6161166
700 3557 802 3607 forsitan
815 3558 934 3618 quosdam
947 3558 1066 3606 adversus
1078 3558 1170 3606 Soanm
1183 3558 1322 3620 rescriptos.

258 3648 337 3696 Patria
350 3651 433 3696 autem
446 3662 577 3713 egressus,
596 3650 696 3697 domum
709 3661 836 3708 nunquam
851 3660 964 3696 reversus
978 3651 1016 3697 est
1028 3646 1130 3711 (Tusa,
1145 3650 1173 3708 ll,
1189 3648 1243 3713 ³7)·‚
1258 3650 1324 3699 unde

258 3737 330 3785 facile
342 3737 430 3802 conjici
443 3741 523 3800 potest
535 3752 592 3787 eum
604 3738 688 3787 116666
700 3741 826 3787 mortuum
840 3751 904 3794 esse,
918 3753 1006 3801 nempe
1018 3743 1075 3789 ante
1084 3753 1176 3788 anuum
1184 3754 1232 3800 quo
1241 3738 1324 3788 Cicero

258 3827 291 3873 ad
303 3826 451 3875 audiendum
468 3826 614 3875 Antiochum
632 3827 740 3874 Athenas
760 3826 882 3888 profectus
901 3830 952 3886 661;
970 3827 1004 3875 116
1021 3831 1049 3877 61
1064 3841 1121 3877 eum
1134 3842 1158 3875 a.
1173 3830 1220 3876 676
1233 3826 1324 3876 obiisse

258 3914 371 3976 equidem
388 3914 587 3964 existimaverim.

288 4000 427 4062 31166166,
445 4018 467 4052 c.
487 4007 527 4052 89.
543 4005 624 4052 -116
641 4003 764 4053 Ciceronis
783 4003 890 4054 Philonis
907 4004 1035 4064 auditore,
1054 4019 1078 4053 v.
1095 4005 1132 4054 De
1144 4004 1208 4053 Nat.
1224 4004 1319 4063 Deam,

258 4091 1319 4157 1,3617.-Τ666.11,36111.-1661.1,1;11,6.-111116.,11111,6ρ.11.

257 4214 291 4226 -
303 4182 393 4232 Auctor
405 4182 463 4232 dial.
479 4183 620 4242 1160166,
635 4196 657 4231 c.
673 4186 712 4231 3⁰.
727 4214 761 4226 -
774 4183 852 4242 1161.,
870 4182 922 4232 Vir.
938 4181 1007 4242 Cic,
1022 4198 1046 4245 p.
1062 4185 1118 4232 861.
