2967 4609
748 219 795 291 dh

242 363 320 451 bat,
332 372 372 436 ut
383 362 466 437 hinc
479 345 770 437 Academicorum
783 372 818 437 et
829 362 1141 459 Peripateticorum
1156 365 1306 441 decretis

242 483 397 558 Stoicum
418 485 517 582 quasi
544 484 697 559 colorem
720 485 932 574 offunderet,
955 495 990 559 et
1011 486 1192 582 antiquam
1214 490 1333 562 hanc·

242 604 500 703 philosophiam
516 605 630 679 Stoica
645 615 763 679 mente
778 605 1086 703 interpretaretur¹
1100 635 1109 698 ;
1124 608 1208 681 hinc
1223 633 1308 682 cum

243 727 380 801 Zenone
394 737 428 800 ct
444 726 625 823 Antipatro
640 728 676 799 in
691 726 868 824 plerisque
880 729 1107 818 consentiret,
1122 739 1174 818 et,
1188 730 1214 802 si
1232 754 1309 825 per-

243 873 353 946 pauca
367 850 586 939 mutavisset,
602 850 891 946 germanissimus
903 852 1026 925 inisset
1039 852 1210 926 Stoicus².

294 969 391 1043 «Ant
411 971 547 1045 Stoicus
576 971 809 1046 constituatur
836 972 993 1068 sapiens,
1015 972 1064 1045 ait
1085 972 1225 1062 Cicero,
1248 986 1311 1046 aut

245 1092 394 1166 «veteris
405 1091 618 1183 Academiae;¹
629 1102 819 1189 utrumque
833 1116 903 1167 non
914 1096 1089 1190 potent»
1104 1094 1225 1190 Itaque
1236 1094 1311 1167 An-

243 1214 397 1304 tiochus,
413 1214 698 1303 tumAcademiae
710 1215 852 1304 vetoris,
867 1225 943 1288 tum
956 1216 1154 1290 Stoicorum
1166 1240 1311 1291 causam

243 1335 455 1434 suscipiens,
468 1336 617 1426 infidus,
632 1337 834 1425 inconstans
847 1360 888 1411 ac
905 1336 1008 1426 levis,
1021 1337 1214 1411 videbatur.
1251 1423 1257 1430 ι

292 1458 383 1532 Tum
406 1457 630 1532 Academiam
654 1467 689 1532 et
707 1457 957 1555 Peripateticos
982 1458 1128 1548 deserit,
1154 1468 1196 1534 ut
1224 1455 1326 1533 cum

130 1657 138 1670 ‚
243 1578 368 1653 Stoicis
395 1579 522 1654 fortius.
541 1578 673 1670 dicat⁸;
701 1589 778 1652 tum
797 1602 885 1675 quos
909 1580 1058 1677 majores
1084 1580 1311 1671 invocaverit,

244 1699 328 1795 quid
341 1709 466 1773 natura
480 1710 515 1774 et
531 1710 625 1774 reeta
638 1700 725 1775 ratio
739 1701 861 1790 velint,
881 1700 1083 1776 meminisse
1107 1701 1255 1791 videtur,
1276 1715 1313 1777 et

244 1801 631 1920 dissentit'quihusdam
646 1823 684 1897 in
697 1824 803 1898 rebus
820 1825 863 1899 ab
879 1824 921 1898 iis
936 1848 1023 1920 quos
1036 1836 1130 1900 amat
1141 1828 1309 1919 Stoicis⁵;

243 1946 290 2020 ita
316 1956 357 2019 ut
375 1945 487 2020 ¹Stoici
515 1945 580 2019 ista
605 1944 723 2019 omnia
746 1945 931 2020 Antiochia
956 1951 1217 2038 contemnenti,
1244 1973 1311 2023 nec

243 2066 369 2141 Noster
383 2066 428 2141 sit
440 2076 604 2164 acceptus
618 2066 848 2141 Academicis.

473 2299 477 2306 ⁵
587 2307 731 2390 CAPUT
757 2307 969 2381 TERTIUM.

310 2482 400 2567 Quid
413 2482 583 2556 Antiocho
597 2492 669 2555 tuuc
686 2481 794 2557 Varro
810 2492 842 2554 et
857 2482 995 2570 Cicero,
1013 2491 1084 2555 tum
1099 2482 1243 2556 Potumo

518 2612 524 2623 '
682 2602 873 2677 debuerint.

293 2798 464 2899 Expositis
476 2797 640 2872 Antiochi
652 2797 834 2872 sententiis
847 2799 941 2896 ,jam
955 2822 1154 2895 quaeramus
1171 2801 1311 2896 quidex

244 2920 287 2991 iis
302 2913 386 2991 hino
400 2919 508 2993 Varro
529 2929 564 2993 et
579 2918 720 3018 Cicero,
735 2918 833 2993 illinc
846 2921 993 2994 Potamo
1011 2920 1155 2995 traxisse
1169 2921 1312 2996 videan-

244 3049 317 3129 tu·r;
331 3048 372 3112 ut
385 3039 520 3112 facilius
536 3039 617 3113 inde
633 3048 800 3134 quantam
811 3040 1052 3115 auctoritatem
1065 3041 1141 3138 ejus
1153 3041 1312 3116 doctrina

244 3160 337 3260 apud
351 3170 484 3233 veteres
499 3159 678 3249 hahuerit,
696 3160 938 3257 perspiciatur.

293 3380 409 3465 Quum
423 3379 616 3454 Antiochus
632 3339 723 3453 hunc
739 3369 893 3477 partem,
908 3403 986 3475 quac
1000 3379 1044 3454 ad
1060 3402 1175 3454 mores
1190 3380 1311 3453 vitam·
1369 3349 1371 3353 ⁵

230 3526 312 3598 ,que
336 3503 501 3599 pertinet,
523 3502 560 3585 in
588 3503 808 3601 philosophia
833 3502 984 3600 primaru
1005 3527 1081 3578 esse
1104 3513 1138 3578 et
1158 3504 1310 3577 maxime
1397 3521 1400 3526 ·

281 3721 288 3756 ¹
304 3723 370 3771 Sext.
386 3723 454 3784 Emp.
470 3724 539 3787 Hyp.
556 3720 670 3789 Pyrrh,
684 3722 708 3782 l,
723 3736 746 3770 c.
762 3726 806 3781 33,
820 3719 835 3786 ὅ
848 3726 905 3772 235.

278 3807 402 3869 Medd,
417 3811 453 3869 H,
468 3813 567 3869 Added.

278 3896 378 3948 Meua
394 3934 402 3957 ,
417 3899 437 3945 11
446 3914 457 3958 ,·
470 3902 510 3947 ta.

278 3986 291 4023 4
305 3988 333 4035 V.
348 3987 455 4036 maxime
469 3989 506 4037 De
519 3986 598 4046 Firu,
612 3988 647 4047 V,
662 3990 703 4037 25.
717 4007 750 4017 -
763 3987 859 4048 dead„
875 3988 909 4048 ΙΙ,
925 3990 969 4050 tt,
985 3991 1024 4039 to.

279 4072 291 4111 ⁵
305 4074 401 4140 deod,
417 4078 455 4135 11,
470 4081 510 4125 to.
895 4099 897 4104 ·

277 4159 290 4200 ⁶
305 4164 399 4224 dead,
415 4167 450 4224 tl,
468 4170 506 4214 36.
522 4166 566 4214 uui
579 4168 609 4214 dc
623 4166 722 4216 Diodoto
737 4166 858 4217 Ciceronis
872 4166 989 4232 magistro
1002 4182 1031 4216 ac
1045 4165 1159 4219 familiari
1172 4168 1263 4235 agitur.
