2967 4609
764 227 813 299 66

258 371 356 466 quasi
371 392 446 445 mas
462 380 497 444 et
510 371 657 460 semina,
671 371 788 445 anima
803 381 1001 469 etaemus,
1017 373 1177 468 aquibus
1188 374 1323 470 junctis

261 491 416 567 acoelum
430 500 465 566 et
478 500 568 567 terra
589 492 979 589 omitia-ergenuerunt‚
995 493 1089 589 quod
1102 517 1166 591 per
1179 496 1245 569 hos
1259 515 1325 568 na-

260 615 418 688 ‹tura¹.r
433 612 567 698 Quibus
578 612 721 709 quidem
734 637 775 688 ex
786 613 969 711 principiis
978 613 1039 687 illa
1052 614 1228 689 defluebat
1236 615 1326 711 pris-

257 756 315 808 cas
330 732 513 830 religiones
527 732 672 808 liberius
683 733 934 830 interpretandi
950 733 1054 823 ratio,
1075 758 1145 830 qua
1157 735 1324 816 utebatur

255 854 349 928 idem
363 854 400 927 in
412 853 684 950 Antiquitatibus
697 877 814 927 rerum
828 853 1025 927 divinorum
1035 863 1071 928 et
1084 854 1187 951 cujus
1205 877 1322 932 exem-

255 976 313 1071 pla
325 975 485 1070 quaedam
498 974 535 1047 in
548 974 647 1049 libris
657 975 710 1048 De
724 974 847 1069 lingon
862 974 975 1048 totino
987 975 1249 1071 reperiuntur².

306 1095 346 1168 ln
359 1118 399 1169 ea
414 1095 520 1191 igitur
532 1094 723 1190 quaestione
736 1118 817 1190 quae
834 1095 878 1168 de
895 1094 963 1167 vita
986 1104 1022 1169 et
1040 1095 1201 1170 moribus
1214 1077 1324 1170 habe-

257 1226 328 1305 tur,
344 1209 454 1289 Varro
468 1215 664 1290 Academiae
682 1215 807 1289 veteris
822 1224 939 1311 partes
956 1214 1073 1311 palam
1087 1216 1324 1313 amplecteba-

256 1348 326 1426 tur,
340 1336 453 1434 reipsa
466 1336 570 1413 istam
590 1335 754 1409 Antiochi
768 1336 920 1408 Stoicam
935 1335 1051 1431 potius
1070 1358 1177 1431 quam
1192 1335 1324 1436 Acade·

257 1458 386 1531 micam
399 1458 595 1532 doctrinam
612 1466 799 1554 receperat.
814 1457 855 1530 ln
869 1457 1022 1553 physicis
1037 1468 1154 1531 autem
1167 1480 1187 1530 e
1198 1457 1325 1531 Stoicis

257 1589 351 1652 totus
371 1579 560 1676 pendebat;
576 1579 739 1674 aquibus
760 1601 804 1652 ne
826 1578 971 1653 minima
987 1558 1132 1674 guidem
1147 1578 1184 1651 in
1202 1602 1239 1653 re
1251 1578 1325 1651 An·

255 1699 412 1773 tiochum
425 1698 629 1772 dissensisse
644 1699 839 1772 credimus:
855 1698 903 1771 ita
918 1708 958 1771 ut
969 1698 1006 1772 in
1016 1698 1170 1773 Stoicam
1182 1709 1321 1773 senten·

258 1820 360 1908 tiam,
379 1829 414 1893 et
426 1818 509 1892 AElii
529 1829 565 1893 et
579 1818 741 1894 Antiochi
760 1818 982 1909 auctoritate,
1001 1819 1167 1893 Varronis
1184 1819 1325 1893 animus

242 1942 506 2040 impelleretur.
1119 1963 1120 1966 ’

307 2159 398 2244 Quid
416 2159 536 2234 Cicero
551 2161 799 2257 magistrorum
814 2181 962 2235 suorum
984 2161 1176 2257 unicuique
1194 2161 1327 2236 debue-

136 2373 139 2376 Α
258 2280 303 2353 rit
315 2280 782 2377 perpenderetentanti‚duo
791 2281 940 2354 maxime
953 2281 1103 2371 obstant,
1116 2304 1228 2377 quum
1240 2281 1326 2355 hinc

258 2424 381 2475 eorum
403 2402 474 2475 lere
495 2424 598 2475 nemo
622 2411 723 2476 sectae
747 2424 820 2475 suae
842 2401 1055 2497 peculiarem
1070 2401 1267 2475 doctrinam
1292 2412 1328 2475 et

259 2522 430 2619 integram
445 2521 616 2595 rationem
628 2521 849 2612 retinuisset,
866 2521 963 2595 illino
984 2520 1120 2610 Cicero,
1135 2521 1170 2593 in
1187 2532 1329 2596 contra-

259 2642 329 2716 rias
353 2649 468 2739 partes
485 2641 663 2739 disputare
684 2641 807 2715 solitus
827 2651 862 2716 et
879 2641 939 2715 illa
953 2641 1105 2738 probans
1120 2664 1197 2737 qua
1218 2642 1330 2716 simil-

259 2762 343 2837 lima
360 2761 431 2836 veri
445 2761 639 2851 videantur,
662 2784 732 2835 non
754 2772 885 2835 certam
903 2762 1092 2857 quamdam
1107 2771 1142 2835 et
1156 2763 1285 2837 constit
1310 2807 1329 2820 ·

259 2897 331 2960 tam
346 2885 606 2984 philosophiam
620 2895 763 2960 tutetur.

306 3007 423 3092 Quum
442 3006 488 3080 ita
508 3004 694 3079 Carneadis
711 3016 747 3080 et
758 3005 917 3080 Philonis
932 3005 1133 3080 institutum
1151 3029 1322 3103 sequere-

261 3137 329 3217 tur,
347 3149 458 3223 quum
477 3126 573 3199 illam
591 3136 741 3200 veterem
758 3125 982 3200 Academiam
1002 3124 1108 3224 hujus
1122 3128 1328 3203 recentioris

260 3270 337 3344 quae
350 3247 467 3337 lucem
479 3245 629 3343 eriperet
641 3255 677 3321 et
687 3247 793 3320 rebus
805 3246 905 3343 quasi
918 3257 1055 3321 noctem
1070 3237 1260 3343 quamdam
1279 3250 1331 3322 os-

189 3375 191 3380 '
259 3370 434 3459 funderet,
448 3369 502 3441 vix
514 3368 719 3443 dissimilem
734 3369 972 3460 arbitraretur,
987 3369 1108 3445 Cicero
1123 3369 1330 3468 longissime

259 3512 402 3588 prorsus
417 3490 461 3563 ab
475 3489 638 3564 Antiochi
654 3489 824 3564 sententia
839 3490 968 3564 aberat.

309 3609 393 3683 lnde
408 3608 573 3684 inductus
588 3619 642 3684 est
652 3619 692 3683 ut
702 3610 805 3684 illum
817 3610 1056 3707 impugnaret,
1069 3611 1130 3707 qui
1146 3610 1329 3708 antiquam

259 3730 517 3828 philosophiam
540 3740 575 3806 et
596 3742 689 3806 certa
709 3732 784 3829 ejus
810 3731 971 3828 dogmata
986 3732 1184 3829 proferens,
1199 3741 1235 3806 et
1250 3754 1329 3806 me·
1441 3829 1447 3842 .

260 3852 355 3926 diam
372 3863 407 3927 et
420 3876 545 3928 novam
559 3853 785 3929 Academiam
806 3875 988 3949 aggressus
1003 3863 1095 3944 erat3
1119 3854 1201 3929 inde
1215 3863 1257 3928 ut
1267 3876 1329 3928 cos

296 4062 302 4097 ¹
319 4063 348 4111 V.
362 4061 377 4127 ἓ
390 4065 435 4123 ὅἹ,
449 4078 503 4125 sqq.

293 4148 306 4185 2
321 4149 376 4201 Cio.
389 4150 454 4209 Dei,
468 4151 497 4199 Vl
511 4154 536 4199 et
548 4151 599 4199 Vll.
611 4176 644 4187 -
658 4152 694 4201 Do
708 4152 783 4215 Ling.
798 4152 865 4212 lot,
879 4154 911 4213 V,
926 4155 971 4212 st,
985 4168 1039 4214 sqq.
