2967 4609
610 204 738 284 ,nt

185 352 387 451 gentissime
408 352 629 450 persequitur
649 351 842 425 Antiochus
854 353 880 441 ¹,
895 353 996 425 -hano
1020 372 1146 449 nempe
1159 351 1250 427 Aca·

185 475 338 550 demiam
348 475 384 547 in
394 498 481 570 qua,
493 473 586 570 quod
599 474 774 547 dicentem
783 472 996 566 Antiochum
1009 494 1099 570 saepe
1112 472 1250 548 audive-

185 606 256 686 rat,
270 619 341 670 non
358 596 382 669 ii
400 596 514 669 solum
532 605 763 669 numerantur
777 595 838 691 qui
852 592 1052 668 Academici
1068 604 1249 684 vocantur,

185 717 366 790 sedetiam
388 717 608 813 Peripatetici
628 719 796 790 veter-est
820 716 899 790 Non
915 717 1059 791 auderet
1075 717 1250 813 profecto,

185 848 226 912 ut
236 839 309 935 ipse
322 839 385 929 ait,
400 839 437 912 in
446 839 631 914 Academia
645 838 936 936 philosophorum
948 861 1045 913 more
1059 839 1249 936 disputare,

76 1035 85 1054 ⁸
185 959 252 1033 nisi
268 960 466 1059 complures
478 961 553 1058 jam
567 981 705 1034 menses
719 959 866 1033 Athenis
881 961 956 1034 haec
974 959 1049 1057 ipsa
1066 961 1111 1035 ab
1128 960 1249 1035 Antio-

185 1083 251 1157 cho
275 1081 503 1174 audivisset³3
527 1091 562 1157 et
575 1081 765 1179 saepissime
780 1082 816 1154 in
836 1083 904 1156 hoc
917 1081 1007 1156 hhro
1021 1082 1179 1179 magistri
1194 1083 1248 1157 sui

185 1204 426 1278 auctoritatem
450 1204 626 1300 adhibet&
641 1205 716 1278 lmo
739 1204 875 1278 Tullius
889 1205 1058 1294 Brutum,
1080 1205 1137 1279 cui
1152 1205 1249 1280 hunc
1361 1294 1368 1309 ‚

184 1324 314 1398 librum
327 1324 512 1416 dedicavit,
524 1335 639 1422 rogat,
666 1325 796 1399 satisne
809 1325 966 1399 videatur
985 1325 1123 1399 Pisonis
1138 1326 1248 1401 oratio

182 1445 344 1520 Antiochi
357 1446 536 1543 complexa
551 1467 626 1521 esse
639 1446 850 1520 sententiam
860 1448 885 1520 ⁵.

233 1566 430 1641 Fatendum
454 1577 507 1642 est
529 1566 672 1663 quidem
692 1568 877 1659 Pisonem,
892 1568 1019 1643 Staseae
1033 1565 1250 1658 auditorem,

142 1732 147 1740 ·
184 1688 453 1785 Peripateticum
474 1688 576 1786 vulgo
599 1689 719 1763 haberi
739 1699 774 1764 ct
794 1690 998 1764 Ciceronem
1013 1690 1145 1788 ipsum,
1162 1691 1248 1764 dum

185 1807 291 1883 libros
310 1811 361 1883 De
380 1809 524 1883 Finibus
539 1820 779 1906 componeret,
803 1812 879 1885 h'aec
898 1812 941 1884 ad
963 1810 1119 1884 Atticum
1133 1810 1247 1907 scrip·
1336 1879 1340 1888 .

184 1938 285 2011 sisse:
309 1938 414 2022 «Quae
432 1938 487 2012 his
507 1937 724 2035 temporibus
741 1938 865 2035 scripsi
880 1934 1156 2036 Hordeonium
1168 1961 1248 2013 mo-

187 2080 261 2131 rem
275 2058 413 2132 hahent.
428 2060 469 2133 ln
484 2081 553 2154 qno
575 2061 696 2133 sermo
710 2059 757 2132 ita
772 2058 952 2133 inducitur
971 2069 1187 2151 ceterorum,
1208 2072 1249 2135 ut

186 2204 292 2279 penes
306 2182 422 2280 ipsum
440 2183 485 2256 sit
503 2183 730 2282 principatus.
747 2183 797 2256 Ita
815 2183 947 2257 confeci
967 2185 1123 2280 quinque
1138 2184 1246 2259 libros

184 2310 264 2407 napi
285 2311 392 2382 τελῶν
411 2320 451 2384 ut
471 2307 739 2408 napcnorprcnoi
752 2311 797 2384 M.
813 2311 933 2385 Pisoni
950 2312 1126 2386 daremin
1147 2312 1247 2397 Quod

147 2530 151 2536 ῃ
184 2440 300 2505 tamen
324 2433 470 2508 minime
496 2434 734 2533 objiciendum
755 2444 808 2508 est
834 2458 945 2531 quum
963 2433 1174 2523 AntiochuS,
1198 2444 1247 2524 et,

185 2550 347 2650 discipuli
367 2556 462 2653 ejus,
486 2554 607 2630 Cicero
623 2564 658 2630 et
674 2556 748 2654 ipse
764 2554 865 2645 Piso,
884 2576 992 2628 unam
1017 2555 1247 2650 eamdemque

183 2682 307 2769 putent
314 2691 393 2749 'esse
408 2676 674 2773 Peripateticum
688 2686 722 2751 et
734 2675 981 2750 Academicum
995 2675 1201 2750 doctrinam.

231 2796 310 2868 Tria
323 2806 406 2870 sunt
421 2798 527 2894 igitur
540 2800 646 2896 hujus
663 2799 799 2894 generis
814 2798 908 2889 loca,
922 2819 993 2871 non
1008 2820 1169 2894 expresse
1179 2795 1249 2869 An·

184 2916 290 2989 tiochi
314 2915 535 3016 disciplinam
560 2918 761 3008 referentia,
785 2943 863 3016 quae
878 2929 995 2992 tamen
1013 2918 1139 2992 sicum
1155 2918 1249 2991 testi-

183 3037 310 3111 moniis
323 3039 397 3112 istis
412 3040 632 3114 conferamus
648 3065 725 3137 quae
739 3041 875 3114 Tullius
887 3040 930 3114 de
942 3039 1114 3113 Antiocho
1137 3039 1248 3113 nomi-

140 3161 153 3184 *
184 3157 293 3231 natim
312 3159 442 3255 profert
460 3170 521 3234 aut
539 3185 616 3257 quae
637 3161 674 3234 in
695 3160 771 3235 aliis
785 3172 941 3236 veterum
960 3161 1098 3259 scriptis
1119 3183 1247 3234 occur-

100 3337 104 3342 .
183 3289 282 3370 runt,
297 3281 392 3354 haud
411 3282 559 3376 dpbium
573 3292 626 3356 cst
640 3283 725 3378 quin
743 3307 782 3357 ex
800 3283 867 3357 hoc
888 3282 1124 3379 tripiici'sonte
1146 3281 1248 3355 nobis

183 3423 304 3488 secure
322 3411 357 3477 et
372 3403 465 3499 large
478 3404 713 3477 hauriendum
731 3405 787 3477 sit.

232 3524 299 3597 Sed
315 3525 357 3598 de
372 3525 538 3599 Cicerone
555 3528 748 3600 hactenus:
770 3549 865 3600 nunc
889 3525 949 3622 qui
971 3525 1156 3622 scriptores
1171 3525 1248 3622 ejus

182 3646 424 3719 auctoritatem
439 3648 659 3737 confirment,
673 3646 794 3743 paucis
808 3647 978 3721 dicamus.

219 3887 226 3923 ¹
244 3889 269 3937 C.
286 3892 309 3937 5.
743 3889 831 3960 ⁹⁶2³
844 3895 905 3940 ott.

93 4041 97 4046 Ι
215 3973 378 4042 ³c.o‚§a.
672 3980 948 4039 ·⁴c.a‚seto.

215 4063 228 4102 ⁵
242 4069 267 4116 G.
283 4071 307 4116 3.
317 4088 350 4097 -
359 4068 451 4128 Cicero,
465 4068 546 4118 Pisoni
560 4071 719 4133 respondens,
734 4070 880 4121 Antiochum
893 4072 973 4135 ipsum
987 4072 1151 4134 reprehendit,
1167 4085 1189 4120 c.
1205 4072 1246 4120 st.
1339 4141 1343 4148 ,

215 4150 284 4205 fidd
303 4158 448 4216 Att.,tt111‚
464 4173 501 4220 ep.
518 4160 557 4205 19.
