2967 4609
659 242 706 315 13

200 393 253 467 Ab
267 392 381 466 Attico
397 389 584 488 incipiam,
599 388 659 485 qui
674 388 711 462 in
725 387 943 462 Academicis
954 391 1214 487 posterioribus,
1254 429 1257 434 ·

147 518 221 613 jam
238 514 391 587 Varrone
410 510 573 585 Antiochi
588 510 715 608 placita
731 509 905 584 relaturo:
926 511 1044 596 «Quid
1056 523 1109 586 est
1121 513 1215 609 quod

150 636 290 724 malim,
316 634 381 723 ait,
400 656 504 729 quam
530 632 573 706 ab
589 631 761 705 Antiocho
779 631 991 729 jampridem
1015 633 1133 707 audita
1161 659 1217 708 re-

152 759 288 845 eordari
299 759 308 803 ¹
318 759 356 829 ‘is
375 757 479 830 Hunc
494 754 656 829 Antiochi
670 754 868 828 auditorem
884 765 918 828 et
931 755 1085 829 amicum
1099 756 1217 847 luisse,

152 889 360 955 nontamen
384 876 621 973 discipulum;
643 877 739 949 hune
755 875 963 972 philosopho
980 878 1133 950 multum
1158 878 1217 952 de-

151 1002 270 1075 buisse
297 999 380 1074 satis
406 1008 548 1095 apparet
573 1022 613 1071 ex
641 997 752 1094 ipsius
779 998 822 1071 ad
848 997 1052 1072 Ciceronem
1081 1001 1216 1074 verbis:

155 1123 275 1218 «Ergo
290 1119 468 1194 assentiris
483 1111 654 1194 Antiocho
670 1118 831 1202 familiari
844 1142 922 1193 meo
934 1120 1113 1217 (magistro
1123 1122 1217 1195 enirn

155 1267 252 1317 anon
270 1243 381 1316 audeo
396 1241 525 1336 dicere)
541 1264 694 1336 quocum
708 1240 793 1329 vixi,
815 1251 850 1314 et
873 1241 934 1336 qui
954 1264 1011 1316 me
1033 1266 1073 1315 ex
1090 1244 1218 1317 nastris

156 1386 270 1460 «pene
283 1362 443 1437 convellit
456 1361 605 1435 hortulis
620 1361 831 1457 deduxitque
849 1361 886 1434 in
899 1361 1124 1437 Academiam
1137 1388 1218 1461 per-

158 1483 347 1582 «pauculis
363 1483 523 1580 passibus
533 1486 583 1555 ἲ.»

204 1604 354 1678 Aderant
365 1604 403 1688 Q.
414 1603 550 1693 Cicero,
564 1603 668 1677 Tullii
683 1604 799 1693 irater,
812 1616 847 1678 et
860 1604 899 1677 L.
914 1604 1053 1695 Cicero,
1066 1606 1142 1704 ejus
1159 1629 1220 1703 pa-

155 1726 292 1816 truelis,
315 1726 505 1799 admodum
523 1724 724 1799 adolescens
739 1735 773 1799 et
788 1725 946 1799 oratoriae
962 1725 1028 1799 arti
1045 1726 1221 1824 praecipue

157 1847 313 1938 deditus3
328 1847 364 1919 in
379 1846 599 1943 philosophia
614 1846 718 1920 etiarn
733 1870 805 1920 nan
820 1846 1042 1920 mediocriter
1055 1858 1222 1937 versatus,

156 1971 200 2072 ad
216 1969 450 2043 Charmadam
467 1977 502 2041 et
518 1957 670 2041 mediam
685 1967 910 2041 Academiam
925 1968 1075 2064 rapitur;
1099 1993 1222 2045 crevo-

157 2100 256 2164 catur
279 2099 396 2163 autem
413 2089 457 2163 ab
471 2088 662 2178 Antiocho,
687 2111 753 2162 nec
776 2098 830 2163 est
852 2098 1017 2187 praeterea
1032 2114 1138 2186 quern
1160 2115 1222 2166 au-

157 2210 276 2302 diat;›>
305 2210 435 2283 idcirco
465 2209 707 2283 «Antiochum
735 2210 818 2284 satis
841 2209 932 2285 belle
953 2210 1090 2285 videtur
1115 2223 1224 2287 atten-

159 2333 271 2405 deres>
287 2340 321 2404 et
336 2332 412 2428 ejus
427 2331 524 2405 valde
536 2330 660 2427 prohat
677 2330 885 2405 sententiam
896 2334 921 2403 ³.

207 2453 310 2525 Nunc
325 2452 476 2548 denique
486 2452 529 2525 de
542 2451 601 2525 illo
616 2462 738 2548 agetur
751 2453 812 2546 qui
826 2452 863 2523 in
876 2453 943 2525 hac
953 2476 1059 2547 quam
1072 2454 1223 2529 diximus

159 2573 431 2671 postmeridiana
456 2572 692 2647 ambulatione
717 2572 911 2670 praecipuas
934 2583 1048 2669 partes
1073 2574 1160 2671 agit,
1189 2575 1224 2649 id

158 2704 212 2769 est
224 2695 267 2768 de
279 2695 406 2769 Pisone
422 2694 500 2784 illo,
515 2679 576 2791 ipsi
591 2718 610 2767 a
625 2694 670 2767 M.
686 2693 799 2792 Pupio
812 2682 1015 2791 adoptatae,
1029 2696 1074 2769 M.
1090 2695 1225 2795 Pupius

159 2816 241 2889 Piso
252 2814 507 2913 Calpurnianus
520 2826 662 2889 vocatus
675 2818 759 2888 esu.

209 2939 363 3012 Staseam
377 2937 662 3034 Neapolitanum,
674 2936 945 3032 Peripateticum
960 2938 1223 3035 philosophum,

161 3082 300 3133 summo
317 3060 497 3134 hominem
513 3059 672 3156 ingenio,
692 3059 775 3132 Piso
792 3058 995 3133 adolescens
1017 3060 1147 3138 nultos
1164 3085 1228 3135 an-

161 3203 225 3253 nos
242 3180 413 3254 habuerat
429 3180 523 3278 apud
545 3182 629 3270 se⁵;
653 3203 750 3254 nunc
770 3179 916 3254 Athenis
931 3180 1144 3256 Antiochum
1165 3207 1229 3256 au-

200 3378 206 3411 ¹
223 3377 320 3438 Acod.‚
336 3379 362 3437 l,
377 3382 401 3427 t.

195 3467 208 3503 ²
223 3467 260 3518 Dc
274 3470 348 3533 Lep„
363 3470 389 3528 1,
405 3471 445 3517 21.
460 3494 492 3504 -
505 3469 541 3517 Cl.
554 3467 604 3526 ih,
619 3468 666 3526 lll,
680 3468 734 3516 init.

195 3554 259 3606 ³Dc
275 3557 353 3616 aiu,
367 3558 396 3615 V,
411 3560 426 3604 Ξ
440 3558 464 3606 ct
478 3560 518 3605 26.

166 3681 170 3688 -
196 3649 208 3684 ⁴
223 3649 359 3699 oratoriam
372 3653 450 3698 artam
463 3648 614 3707 meditatus,
634 3648 688 3697 Piso
702 3663 751 3696 non
765 3648 818 3696 sine
831 3650 904 3697 laude
917 3662 1004 3698 causas
1018 3655 1143 3711 oraverat,
1158 3654 1230 3701 annis

165 3744 307 3790 668-670
322 3738 425 3804 (Brut,
440 3754 461 3788 c.
477 3737 532 3803 90),
547 3742 620 3801 atque
633 3738 703 3798 ideo,
715 3738 813 3801 juvenis
826 3740 957 3788 admodum
971 3742 1001 3788 ad
1014 3740 1119 3791 honores
1131 3757 1231 3805 prorec-

165 3835 219 3890 tus,
238 3833 346 3892 quaestor
365 3829 390 3878 in
409 3828 477 3877 ltalia
495 3829 591 3886 lucrat,
610 3842 634 3876 a.
654 3830 716 3887 6713
736 3827 825 3876 deinde
838 3828 951 3877 tribunus
966 3828 1011 3877 luit
1024 3830 1114 3891 plebis,
1129 3846 1152 3879 a.
1168 3835 1229 3891 676,

165 3922 228 3978 6773
246 3918 337 3978 edilis,
357 3933 381 3967 a.
403 3920 464 3976 6793
478 3919 568 3979 praetor
584 3930 614 3965 ex
630 3915 744 3977 Hispanis
757 3915 929 3977 triumphavit,
947 3930 972 3964 a.
987 3919 1050 3975 6853
1069 3921 1155 3968 consul
1171 3920 1231 3980 tuit,

166 4021 190 4055 a.
205 4010 262 4056 693.

200 4090 213 4131 ⁵
227 4096 261 4143 lle
274 4095 358 4143 Stasea
372 4093 465 4143 Pisonis
478 4095 590 4151 doctore,
606 4093 643 4140 De
657 4091 719 4141 Fia.
735 4093 758 4151 1,
774 4095 819 4150 253
834 4093 862 4151 V,
878 4096 906 4151 33
920 4117 952 4128 -
966 4093 1004 4141 De
1017 4093 1108 4153 Orat,
1124 4096 1146 4154 l,
1158 4100 1235 4144 22...

168 4186 266 4231 Staseas
279 4184 344 4245 apud
357 4181 515 4231 Censorinum
529 4181 634 4237 citatur,
654 4194 676 4228 e.
692 4183 732 4228 lt.
747 4207 779 4215 -
792 4181 874 4228 Cicero
888 4183 919 4228 ad
933 4181 1057 4239 Pisonem,
1072 4185 1137 4243 qnod
1151 4187 1233 4232 multat
