2967 4609
681 258 727 328 ot

177 403 459 479 Academicorum
473 404 630 501 priorum
652 416 686 476 ct
703 405 933 503 posteriorum
955 405 1062 479 libros
1082 408 1236 480 conscri—
1283 415 1285 418 ’

176 533 289 623 heret,
309 532 369 606 ubi
385 554 463 627 quae
481 541 581 605 erant
597 541 718 606 contra
736 527 989 630 ἀκαταληψίαν
1004 532 1048 605 ab
1065 533 1237 608 Antiocho

178 653 320 728 collecta
341 652 524 749 diligenter
546 663 760 749 expresserat
781 652 1026 750 copiosiusque
1045 645 1238 744 refellebat,

177 774 222 848 ita
245 784 361 847 tamen
382 783 422 846 ut
441 783 625 869 utramque
646 773 817 847 rationem
844 796 959 847 veram
975 774 1041 847 sibi
1063 774 1190 865 videri,
1205 785 1240 849 et
1328 798 1331 803 ·

109 937 113 944 ·
177 925 213 975 se
234 901 397 977 Antiochi
416 901 558 998 quidem
576 901 634 975 illa
653 903 875 976 vehementer
891 897 1037 972 πιθαναὶ
1061 902 1238 977 interdum

176 1022 341 1119 probare,
356 1023 410 1095 his
428 1022 524 1096 valde
540 1021 670 1096 moveri
686 1022 851 1096 fateretur
864 1020 888 1094 ¹.
929 1073 931 1078 .

224 1146 311 1218 Eam
324 1144 418 1219 enim
433 1146 493 1219 dat
504 1145 535 1218 ei
548 1143 735 1246 Academia
748 1144 937 1233 licentiam,
951 1154 990 1217 ut
1003 1145 1176 1242 quidquid
1184 1169 1239 1220 ve·

176 1266 425 1340 risimillimum
438 1261 654 1355 occurrat,id
664 1288 727 1339 suo
735 1267 814 1363 jure
826 1266 1107 1351 retineatQuum
1118 1267 1236 1363 igitur,

176 1387 316 1461 liberior
328 1409 368 1461 ac
381 1386 538 1477 solutior,
553 1386 685 1460 nullius
698 1385 782 1459 disci
786 1386 890 1482 plinae
904 1385 1039 1481 legibus
1052 1386 1238 1460 adstrictos

177 1507 241 1598 sit,
259 1507 344 1605 qnid
359 1505 396 1580 in
411 1530 549 1603 quaque
564 1528 617 1595 re,
632 1506 668 1579 in
686 1529 824 1603 quaque
839 1506 1015 1596 doctrina,
1029 1506 1178 1580 maxime
1193 1507 1238 1580 sit

176 1628 370 1726 probabile,
392 1627 569 1724 requirere
592 1637 627 1701 et
652 1626 839 1701 defendere
856 1627 1019 1701 studebit.
1043 1629 1118 1714 Qua
1138 1628 1236 1702 venia

177 1773 282 1839 usus,
300 1749 522 1824 recensendis
546 1748 834 1844 conferendisque
857 1744 1146 1846 philosophorum
1162 1749 1237 1846 pla-

176 1869 271 1960 citis,
289 1870 464 1967 praecipue
485 1869 580 1944 dedit
598 1891 758 1967 operam,
781 1879 821 1941 nt
840 1892 880 1942 oa
900 1892 978 1964 quae
993 1870 1182 1959 contraria,
1197 1893 1236 1944 ea

177 2012 255 2086 quae
276 1991 477 2065 communia
502 1990 742 2078 admisissent,
766 1998 901 2064 notaret
928 2000 963 2063 et
987 1991 1236 2088 perpenderet,

175 2111 374 2185 verisimilia
391 2135 539 2209 quaeque
551 2111 758 2185 admitteret.

224 2231 296 2309 Nec
318 2233 417 2307 aliter
439 2233 601 2307 Antiochi
626 2232 814 2307 auctoritas
834 2256 916 2307 eum
938 2234 1177 2307 commovebat
1199 2243 1239 2306 ut

177 2355 479 2454 praestantissimas
493 2376 615 2428 omnes
630 2352 832 2450 disciplinas
848 2353 1019 2428 conferret
1039 2363 1074 2427 et
1096 2355 1186 2428 inter
1201 2378 1237 2428 se

179 2487 420 2574 componeret3
443 2497 548 2573 quem
568 2475 711 2570 quidem
727 2485 868 2549 secutus
883 2474 1018 2565 Cicero,
1041 2498 1100 2550 eos
1121 2475 1181 2571 qui
1201 2476 1237 2548 in

177 2598 361 2673 Academia
374 2597 480 2672 veteri
494 2620 576 2672 oum
589 2596 800 2694 Speusippo,
822 2595 1033 2685 Xenocrate,
1047 2596 1237 2671 Polemone

177 2728 439 2809 manserant,et
454 2718 587 2814 eosqui
603 2712 823 2791 Aristotelem
838 2726 873 2791 et
889 2718 1168 2814 Theophrastum
1184 2742 1240 2793 se-

177 2840 267 2930 outi,
291 2839 511 2937 Peripatetici
525 2837 635 2911 vocati
657 2847 755 2926 sunt,
778 2838 883 2911 rebus
898 2860 1105 2932 congruere,
1124 2838 1238 2911 verbis

177 2961 322 3059 paulum
337 2961 475 3035 differre
490 2954 677 3033 arbitratus
695 2961 788 3030 est²z
808 2979 873 3031 neo
891 2957 998 3031 luisse
1015 2979 1157 3031 causam
1175 2979 1239 3032 our

177 3082 220 3156 ab
243 3081 391 3156 istorum
413 3080 634 3178 superiorum
652 3077 870 3152 institutione
887 3078 1097 3153 dissiderent
1112 3079 1237 3169 Stoici;

177 3202 237 3276 sed
252 3203 316 3276 hos
330 3200 423 3308 idem
438 3201 505 3275 alio
519 3200 624 3274 modo
639 3199 765 3273 dixisse
779 3208 831 3289 et,
844 3199 949 3273 rebus
962 3223 1033 3274 non
1046 3210 1239 3296 commuta-

177 3322 238 3411 tis,
254 3311 491 3397 immutabisse
504 3320 686 3410 vocabula,
708 3319 755 3393 ita
769 3329 810 3392 ut
825 3318 915 3393 inter
936 3343 995 3394 eos
1010 3343 1080 3393 non
1098 3343 1237 3408 rerum,

178 3444 239 3519 sed
254 3444 439 3518 verbomm
454 3441 625 3516 discordia
639 3450 732 3515 esset
743 3443 768 3513 ³.

225 3564 438 3638 Antiochum
453 3562 557 3637 etiam
572 3561 746 3649 imitatus,
763 3560 850 3633 nihil
866 3560 999 3657 majore
1016 3561 1131 3634 studio
1147 3583 1240 3656 quae«

169 3845 173 3854 ·
214 3833 220 3868 ¹
237 3832 278 3883 Ad
291 3835 345 3884 Att.
360 3834 429 3893 lllll,
444 3847 483 3897 ep.
499 3836 543 3891 19,
557 3837 582 3882 et
596 3831 675 3883 Acod.
691 3833 727 3892 ll,
743 3836 782 3881 35.

210 3920 223 3957 2
240 3922 328 3982 Tusa,
344 3923 388 3982 lt,
403 3926 427 3971 o.
441 3922 514 3981 -v,
530 3925 570 3970 31.
584 3940 617 3952 -·
631 3922 668 3971 lto
681 3921 755 3985 Lem,
770 3922 797 3978 l,
812 3918 946 3969 13.-ῡα
959 3917 1021 3984 Off,
1035 3919 1061 3977 l,
1077 3921 1101 3967 1.
1118 3940 1145 3953 -
1161 3917 1197 3976 ll,
1211 3921 1236 3965 2.

176 4010 621 4070 -ttt,t.-lta0rao.,ttt,1o.

210 4097 224 4137 ³
241 4099 330 4158 Ture,
349 4100 391 4159 lll,
406 4103 430 4149 e.
444 4099 523 4158 -v,
538 4100 578 4147 11.
592 4098 676 4147 -Dc
689 4097 763 4160 loq,
783 4098 807 4155 1,
821 4099 868 4155 lt,
885 4099 932 4155 20,
946 4099 987 4146 sl·
1002 4096 1086 4145 -llc
1100 4093 1179 4153 ron„
1195 4094 1237 4150 tv,
1296 4159 1300 4168 ῃ

180 4189 209 4247 1,
223 4190 252 4247 2,
267 4191 298 4246 t,
313 4191 342 4249 o,
356 4190 456 4248 emt.
470 4184 612 4245 -Acod,
627 4186 650 4245 l,
665 4188 704 4235 12.
