2967 4609
773 254 822 327 ll

263 399 402 475 diebat¹
428 409 463 473 et
485 397 646 474 Antiochi
674 399 886 497 discipulum
912 401 1009 506 hune
1034 400 1117 474 satis
1140 423 1327 504 agnoscere

263 544 370 617 queas
388 520 449 617 qui
471 520 620 596 maxime
644 521 735 596 inter
758 545 880 597 omnes
903 532 1061 597 movetur
1083 524 1159 597 haec
1181 524 1256 598 loca
1280 525 1328 598 vi-

263 643 368 732 denS,
396 643 455 717 ubi
478 641 677 717 Academici
687 653 823 717 ‘veteres
842 654 925 718 sunt
944 644 1121 742 disputare
1139 645 1250 734 soliti,
1265 646 1324 742 qui

261 767 419 841 Platonis
435 766 640 840 memoriam
656 774 690 840 et
704 767 890 864 Speusippi
907 778 942 841 et
959 767 1163 842 Xenocratis
1178 778 1214 842 et
1226 769 1328 842 Pole-

262 888 377 963 monis
388 888 853 984 imploranseonversusque
867 889 910 962 ad
922 888 1146 963 Ciceronem:
1164 890 1327 963 «audebo

261 1020 313 1100 te,
337 1010 402 1099 ait,
427 1009 471 1083 ab
497 1010 563 1084 hac
585 1007 773 1084 Academia
799 1032 886 1084 nova
910 1010 954 1083 ad
978 1019 1130 1084 veterem
1152 1010 1248 1084 illam
1272 1033 1330 1084 vo-

262 1154 341 1205 care
356 1133 405 1204 ἲ.»

307 1251 385 1326 Non
409 1252 516 1349 igitur
536 1251 712 1326 immerito
735 1252 772 1325 in
794 1251 916 1348 quinto
940 1252 1155 1326 DeFioibos
1179 1252 1269 1327 libro
1294 1263 1330 1327 et

258 1372 454 1448 Academiae
461 1374 585 1448 veteris
596 1383 631 1448 et
638 1373 951 1470 Peripateticorum
965 1374 1172 1448 sententiam
1187 1374 1324 1470 exposi-

260 1503 360 1567 turus
376 1494 556 1568 inducitur
569 1494 672 1568 Piso:
691 1520 708 1565 c
731 1494 922 1569 Censemus
940 1503 992 1584 te,
1010 1495 1059 1568 ait
1072 1494 1213 1585 Cicero,
1229 1495 1328 1569 sacil-

262 1613 372 1689 «lime
386 1615 422 1688 id
439 1614 630 1711 explanare
646 1638 766 1713 posse,
792 1616 887 1712 quod
907 1626 942 1690 et
957 1616 1113 1690 Staseam
1128 1615 1329 1714 Neapolita-

263 1758 380 1809 «num
406 1736 535 1810 multos
558 1758 669 1810 annos
691 1736 856 1810 habueris
880 1737 974 1834 apud
997 1745 1047 1826 te,
1071 1747 1107 1811 et
1129 1738 1328 1835 complures

263 1859 366 1955 «jam
380 1841 519 1932 menses
538 1856 685 1931 Athenis
702 1858 778 1932 haec
798 1858 873 1956 ipsa
885 1867 919 1932 te
932 1880 972 1931 ex
984 1857 1155 1933 Antiocho
1170 1859 1328 1933 videmus

262 1980 473 2076 «exquirere
486 1982 533 2054 Aa
551 1979 651 2066 Quod
664 1979 693 2054 si
706 1979 785 2077 quis
799 2003 881 2054 enm
892 1989 1068 2077 utparum
1084 1980 1328 2054 sibiconstan-

262 2111 333 2175 tem
348 2102 546 2199 improbare
560 2102 656 2191 velit,
674 2102 900 2198 posteriorem
915 2100 1122 2197 magistrum
1144 2111 1325 2175 auctorem

260 2223 414 2320 prolerre
437 2222 579 2319 poterit,
603 2222 664 2319 qui
691 2222 959 2319 Peripateticam
985 2223 1077 2295 hane
1104 2221 1327 2320 disciplinam

261 2351 329 2440 qua
347 2344 505 2418 imbutus
527 2368 546 2417 a
566 2344 679 2442 prima
697 2354 798 2419 aetate
818 2344 899 2418 Piso
923 2353 1104 2433 erat,non
1128 2345 1232 2418 modo
1257 2367 1327 2417 non

261 2467 511 2564 impugnabat,
538 2468 598 2541 sed
626 2467 730 2541 etiam
757 2467 855 2564 quasi
880 2490 961 2542 oum
986 2467 1181 2542 Academiae
1206 2469 1328 2542 veteris

261 2588 419 2662 doctrina
434 2590 713 2672 consentientem
731 2589 925 2686 accipiebat
941 2591 1031 2688 etad
1048 2591 1178 2664 iontem
1193 2613 1330 2663 revoca-

260 2720 332 2784 tam
348 2710 660 2808 interpretabatur3
682 2712 728 2784 ita
751 2723 791 2785 ut
806 2712 888 2786 Piso
903 2712 1074 2809 integram
1094 2736 1234 2787 servans
1253 2714 1330 2787 Sta·

261 2856 327 2906 seae
343 2833 567 2922 sententiam,
582 2833 709 2907 Nostro
719 2843 836 2907 tamen
850 2856 885 2908 se
900 2842 1013 2908 totum
1028 2835 1180 2909 traderet
1189 2846 1223 2909 et
1232 2836 1329 2909 hunc

260 2954 386 3028 melius
404 2965 439 3027 et
453 2954 575 3027 lortius
593 2954 769 3029 dicentem
783 2955 894 3052 pluris
909 2957 1038 3030 laceret
1049 2958 1075 3029 ⁸.

308 3076 387 3150 Non
414 3075 491 3165 d'm,
515 3084 700 3172 postquam
724 3079 898 3174 proiectus
918 3088 1009 3150 esset
1024 3077 1165 3164 Cicero,
1182 3077 1328 3151 Athenis

260 3370 286 3419 in
300 3383 328 3419 eo
342 3370 413 3418 erant
430 3367 532 3428 litterae,
554 3382 568 3416 a
586 3372 655 3432 patre
673 3370 792 3419 deductus
805 3368 909 3433 (Brut,
929 3384 951 3417 e.
967 3373 1007 3418 90.
1021 3401 1055 3412 -
1070 3371 1109 3419 Ps.
1124 3371 1238 3430 Sallust,
1252 3370 1282 3419 in
1297 3372 1326 3420 Τ.

260 3458 315 3510 Cic.
330 3457 439 3507 declam.
453 3483 486 3493 -
501 3455 646 3522 Asconius),
662 3472 718 3507 cum
731 3459 773 3507 illo
787 3460 891 3508 multum
905 3458 994 3517 latine,
1013 3472 1093 3523 graece
1106 3459 1197 3523 sepius
1210 3461 1329 3510 declami-

259 3552 315 3596 tans
327 3550 380 3597 erat
393 3549 571 3595 commentatus
584 3549 609 3595 et
621 3548 686 3609 apud
699 3561 756 3596 eurn
769 3547 881 3596 Staseam
894 3546 1021 3598 audiverat
1032 3545 1081 3610 (De
1094 3547 1175 3606 ain„
1189 3547 1218 3607 V,
1233 3547 1284 3612 25).

295 3637 303 3671 ¹
322 3636 359 3685 De
372 3634 435 3684 atu.
447 3671 455 3694 ,
469 3636 498 3693 V,
513 3639 536 3683 3.
551 3659 581 3671 -
591 3637 626 3685 lle
638 3634 726 3686 Pisone
739 3636 851 3686 Antiochi
864 3635 997 3698 discipulo,
1011 3635 1060 3695 ib,
1075 3649 1097 3685 e.
1113 3638 1137 3696 l,
1152 3639 1176 3696 5,
1191 3640 1216 3695 6,
1230 3640 1271 3695 25,
1285 3639 1326 3686 27.

294 3725 307 3762 2
322 3727 359 3775 De
373 3724 452 3785 rin,
467 3726 495 3785 V,
511 3729 535 3774 3.

292 3820 357 3871 δυο
374 3820 455 3879 Flo„
478 3821 507 3880 V,
527 3825 550 3869 3.
569 3847 603 3858 -
619 3823 712 3872 Staseas
728 3821 875 3886 discipulus,
898 3814 1086 3895 Ἀριςοτέλειον
1105 3839 1199 3874 morem
1217 3825 1329 3887 sequitur

260 3929 285 3975 et
302 3912 501 3996 caperemini:
518 3925 601 3971 tuetur
618 3921 672 3974 Piso
689 3921 739 3987 (Ad
759 3931 827 3986 Att,
846 3927 914 3986 hill,
933 3940 971 3989 ep.
992 3928 1032 3974 19.
1048 3926 1132 3974 --De
1149 3928 1213 3977 Not.
1235 3928 1327 3985 Deor„

260 4021 284 4079 l,
299 4020 337 4085 7);
350 4021 427 4070 altera
440 4032 470 4066 ex
483 4019 552 4081 parte
565 4016 676 4066 Antiochi
690 4022 836 4070 sententiam
849 4022 903 4084 ejus
917 4021 994 4069 oratio
1007 4022 1176 4083 complectitur
1189 4020 1238 4085 (De
1252 4019 1326 4079 Fen,

260 4111 288 4167 V,
304 4108 337 4173 3).

293 4194 632 4258 l1>01‹'tn.‚l‚aaetsa.
705 4195 708 4200 ’
