2967 4609
170 651 596 799 uurrouur
641 546 1186 795 usunuou'rrn

366 961 523 1032 VITA
546 959 625 1030 ET
650 954 991 1029 DOCTRINA.

574 1283 788 1308 ...οβ’-.-

669 1643 694 1715 Ι.

494 1819 724 1902 uurrouu
748 1819 870 1901 um
904 1763 910 1770 ”

204 2253 315 2343 Utile,
345 2277 410 2328 nec
436 2253 589 2327 studiosa
617 2253 878 2350 investigatione
903 2252 1107 2349 indignum,
1132 2253 1217 2326 Aca·

155 2376 280 2451 demiae
314 2376 407 2450 illius
435 2400 513 2472 quae
548 2387 698 2473 quatuor
725 2376 795 2450 sere
826 2375 1036 2449 saeculorum
1065 2376 1216 2472 spatium

156 2520 297 2573 emensa
314 2509 367 2573 est
382 2503 502 2597 (quam
518 2499 650 2573 diversa
665 2509 782 2572 autem
801 2499 939 2572 fortuna
961 2507 995 2571 et
1009 2519 1115 2593 quam
1138 2520 1219 2569 mu-

156 2619 236 2692 tatis
260 2620 439 2694 sententiis
452 2619 475 2714 l)
501 2620 643 2694 ultimas
665 2619 756 2693 vices
780 2619 975 2715 inquirere,
1001 2629 1053 2708 et,
1079 2618 1219 2715 qualem

157 2739 288 2813 exitum
305 2740 488 2830 habuerit,
506 2763 687 2832 enarrare3
714 2763 782 2836 qua
800 2740 952 2828 ratione,
977 2763 1047 2836 quo
1072 2740 1220 2828 soedere,

157 2886 229 2936 non
249 2862 332 2936 satis
350 2862 416 2936 sihi
432 2872 615 2950 constans,
635 2862 719 2936 hine
734 2886 816 2935 cum
831 2862 1070 2960 Peripateticis
1083 2863 1218 2936 Platoni

157 2983 241 3056 olim
265 2983 536 3073 inimicissimis,
559 2982 654 3055 illinc
681 3005 764 3056 cum
787 2982 911 3056 Stoicis
933 2991 1046 3079 nuper
1059 2981 1221 3055 Arcesilae

158 3114 194 3176 et
207 3104 375 3178 Carneadi
389 3105 538 3179 maxime
551 3104 714 3194 infensis,
731 3105 774 3178 ad
788 3104 984 3202 pactionem
994 3105 1139 3194 venerit,
1153 3128 1221 3200 qua

159 3224 310 3321 denique
323 3224 451 3299 virium
466 3226 675 3315 delectione,
691 3225 724 3298 in
740 3225 949 3299 Eclecticam
965 3225 1221 3322 philosophiam

160 3347 308 3444 dilapsa,
323 3349 464 3422 tandem
480 3348 667 3422 evanuerit.

209 3471 345 3557 Quintae
360 3471 466 3568 igitur
477 3471 673 3546 Academiae
688 3472 871 3545 historiam
884 3470 1115 3568 aggredienti,
1130 3495 1222 3546 com·

160 3594 387 3667 memoranda
402 3593 585 3681 Antiochi,
600 3616 707 3689 quem
725 3592 920 3690 prinoipem
944 3592 1087 3681 hahuit,
1100 3592 1167 3666 vita
1190 3605 1226 3667 et

161 3714 317 3810 undique
335 3714 528 3811 colligenda
543 3724 594 3787 est
609 3714 778 3788 doctrina.
799 3714 843 3785 Et
855 3737 924 3810 quo
941 3713 1077 3787 clariori
1096 3714 1131 3786 in
1147 3714 1224 3788 luce

19 3905 22 3918 ,
161 3858 215 3908 res
230 3835 457 3924 collocentur,
481 3858 550 3931 qno
567 3835 693 3908 melius
715 3834 905 3932 perspicias
920 3834 1004 3930 quid
1019 3835 1111 3931 apud
1127 3858 1226 3932 spec-

19 3945 20 3978 ³
161 3955 349 4028 tutissimos
370 3956 527 4053 ejusdem
548 3955 658 4028 aetatis
673 3955 763 4027 viros
785 3954 937 4028 hominis
960 3954 1139 4051 ingenium
1162 3980 1225 4029 nee

163 4100 233 4150 non
247 4076 429 4174 disciplina
445 4075 633 4164 valuerint,
650 4075 738 4147 mihi
754 4075 856 4149 liceat
868 4075 1033 4149 inducere
1048 4075 1226 4166 Nostrum,

164 4207 213 4271 tot
227 4198 261 4270 in
281 4197 500 4294 philosophia
521 4208 556 4269 et
580 4198 614 4269 in
637 4196 759 4270 litteris
780 4196 986 4284 illustrium,
1002 4207 1052 4269 tot
1065 4198 1227 4270 consula-

1066 4321 1075 4361 l
