2967 4609
692 212 738 284 57

185 358 264 435 dem
288 357 346 433 illa
370 368 423 433 est
444 377 522 454 quae
535 357 669 432 ‚ceteris
691 357 793 431 honis
819 357 870 432 vel
896 357 977 432 ullis
995 358 1048 433 vel
1066 359 1246 456 pluribus,

184 480 383 554 beatissima
399 504 476 577 quae
490 503 633 577 prorsus
648 479 825 569 omnibus,
842 490 880 554 ut
889 480 1027 554 nullum
1040 481 1183 555 omnino
1192 481 1245 555 vel

185 600 293 673 animi
314 601 366 675 vel
388 601 542 699 corporis
562 582 614 675 vel
631 611 813 677 externum
834 612 868 676 et
887 601 1092 699 adjunctum
1113 603 1246 676 bonum

185 721 284 795 desit.
307 722 376 796 Sed
399 722 567 796 virtutum
589 733 766 819 compotes
786 719 965 812 homines,
986 745 1114 819 magno
1129 705 1247 796 animo

186 852 369 939 erectoque
397 843 568 932 viventes,
593 867 731 941 semper
759 854 842 919 sunt
866 844 976 935 heati3
1003 866 1085 916 nam
1113 843 1248 939 reliqua

186 962 303 1037 omnia
326 973 397 1037 tam
416 987 519 1061 parva
538 975 637 1055 sunt,
660 975 700 1040 ut
721 964 764 1039 iis
788 965 884 1040 nulla
904 965 1248 1040 videantu1·:omnes

186 1084 333 1158 fortunae
347 1095 463 1159 motus
478 1086 759 1182 mutationesque
771 1110 889 1161 rerum
904 1096 1147 1183 ettemporum
1163 1085 1248 1159 levia

187 1204 430 1301 imbecillaque
444 1217 564 1296 emnt,
586 1207 614 1281 si
629 1207 666 1280 in
686 1217 863 1283 certamen
877 1208 1013 1281 virtutis
1028 1206 1200 1298 venerint;
1216 1216 1250 1281 et
1341 1183 1348 1196 ’

186 1325 277 1399 bona
296 1327 450 1423 corporis
472 1328 519 1401 ita
538 1328 669 1426 exiguae
684 1338 767 1403 sunt
781 1330 997 1405 accessiones
1011 1330 1186 1403 bonorum
1210 1338 1250 1400 ut

187 1446 223 1518 in
237 1446 404 1521 virtutum
419 1449 602 1545 splendore
617 1473 661 1525 ne
677 1460 865 1525 cernantur
880 1451 1052 1545 quidem¹.

239 1572 315 1645 alta
339 1581 463 1646 natura
480 1596 618 1670 semper
640 1561 818 1671 praeeunte
837 1597 881 1660 „ac
900 1574 1007 1663 duce,
1033 1572 1135 1669 cujus
1157 1593 1263 1646 com-.

188 1693 448 1784 mendationes,
481 1694 635 1791 primum
665 1696 810 1770 occultae
834 1705 869 1769 et
894 1695 1053 1783 incertae,
1082 1692 1250 1790 paulatim

188 1823 378 1911 perspectae
411 1817 700 1906 confirmantur,
719 1816 872 1891 hominis
898 1817 985 1890 ratio
1014 1825 1049 1891 et
1076 1815 1250 1904 doctrina,

73 1987 88 2010 .
189 1935 346 2010 voluntas
361 1946 396 2009 et
408 1938 643 2027 consuetudo,
657 1937 808 2011 mirabili
825 1937 976 2034 quadam
993 1934 1252 2033 progressione,

192 2056 236 2129 ad
255 2057 416 2131 virtutem
433 2057 538 2132 simul
556 2068 591 2133 et
610 2059 747 2132 beatam
768 2059 889 2148 vitam,
911 2081 988 2153 quae
1011 2057 1080 2131 duo
1102 2055 1252 2131 maxime

191 2189 275 2251 sunt
302 2182 506 2277 expetenda,
538 2182 770 2279 perveniunt:
798 2181 845 2256 ila
868 2205 887 2255 a
913 2180 1094 2279 principiis
1117 2189 1251 2255 naturae
1273 2233 1274 2236 ,

189 2301 359 2399 completa
391 2313 425 2376 et
455 2304 604 2400 perlecta
633 2304 774 2398 ducitur
802 2303 982 2400 explicatio
1008 2302 1142 2376 summi
1168 2301 1251 2376 boni

62 2419 74 2436 ⁹
191 2423 488 2520 conformatioque
503 2425 663 2499 omnium
678 2425 913 2498 officiorum.»

239 2544 1253 2643 Sicexposueruntrlntiochii,auctoremagistro,antiquam

191 2664 304 2757 illam,
321 2678 360 2741 ut
374 2668 439 2765 ipsi
455 2668 632 2759 dicebant,
647 2653 921 2767 philosophiam,
937 2690 1042 2764 quam
1057 2666 1252 2740 Antiochus

191 2809 298 2866 unam
309 2798 344 2862 et
356 2790 515 2863 eamdem
528 2790 635 2865 luisse
648 2790 804 2864 Platonis
817 2800 852 2864 et
862 2788 1055 2863 Aristotelis
1067 2786 1254 2884 profiteba-

191 2909 461 3006 tur;reipsa,ex
473 2911 596 2985 eodem
606 2912 698 2985 lonte
710 2910 877 2985 hauriens
888 2933 928 2983 ex
941 2907 1252 3005 quo'Stoici,illam

191 3028 234 3101 ah
254 3027 471 3106 Academicis
487 3042 521 3106 et
540 3031 778 3128 Peripateticis
793 3029 1062 3118 recentioribus,
1077 3027 1252 3126 imprimis
1360 3091 1364 3099 .

191 3171 211 3221 a
224 3150 413 3225 Polemone
429 3162 464 3226 et
472 3153 711 3249 Theophrasto
724 3161 920 3248 acceperat,
935 3161 969 3225 et
983 3149 1164 3247 discipulis
1179 3148 1253 3232 suis
1279 3215 1284 3224 ,

191 3280 263 3344 tam
290 3272 494 3347 dissimilem
519 3273 572 3347 sui
600 3273 807 3362 tradiderat,
832 3283 871 3346 ut
896 3272 1093 3346 Stoicorum
1114 3270 1253 3367 propria

191 3393 293 3466 verba
305 3416 557 3490 germanasque
572 3394 761 3469 sententias
774 3416 944 3491 usurpare
957 3415 1028 3466 non
1042 3391 1228 3465 dubitaret.

243 3610 459 3696 Quidautem
470 3611 726 3707 exillaantiqua
736 3609 955 3707 philosophia
967 3607 1156 3705 acceperit,
1169 3608 1254 3703 quid

195 3732 365 3830 rejecerit,
390 3731 566 3807 Ciceronis
580 3731 795 3820 testimonia,
815 3732 899 3804 dum
915 3730 1162 3804 silentveteres
1179 3728 1254 3818 alii,

196 3854 279 3928 satis
292 3854 481 3929 declarant.

232 4066 240 4104 Ι
257 4070 331 4118 Varro
349 4084 390 4132 ap.
405 4073 467 4134 hug.
486 4094 510 4103 -
528 4067 577 4128 ld.,
598 4068 669 4118 dead
686 4105 694 4126 ,
718 4066 743 4127 l,
760 4070 784 4116 6.
804 4093 837 4103 -
849 4067 917 4125 Piso,
931 4081 953 4115 c.
968 4069 1014 4123 it,
1030 4068 1077 4123 26,
1093 4067 1138 4122 3⁰,
1154 4065 1198 4121 al,
1213 4066 1253 4110 32.

195 4183 228 4194 —
244 4158 310 4218 Ciu,
325 4159 362 4207 De
376 4158 430 4207 Fr'n
446 4195 454 4218 ,
468 4159 500 4215 V,
515 4174 536 4206 c.
552 4160 597 4216 26,
612 4172 665 4220 sqq.
