2967 4609
681 222 727 293 65

173 371 385 445 Antiochum
402 371 528 458 istum,
549 370 584 441 in
605 369 792 443 Academia
816 370 1122 465 germanissimum
1145 396 1233 469 pene

173 493 346 583 Stoicum,
361 492 459 588 sequi
474 515 510 565 se
525 492 748 589 profiteatur?

223 614 262 687 ln
284 614 326 688 iis
347 637 425 711 quae
445 613 488 686 ad
510 613 652 710 physica
673 613 866 710 pertinent,
893 636 976 688 cum
1001 614 1126 688 Stoicis
1146 638 1233 689 con-

175 736 346 811 sentiebat
378 735 508 824 Varro,
542 745 577 809 et
606 735 773 824 Zenonis,
803 733 996 826 Cleanthis
1032 736 1234 833 Chrysippi,

175 856 362 954 Antipatri,
392 855 474 929 AElii
504 879 523 928 a
553 879 623 951 quo
660 856 841 930 institutus
867 867 960 946 erat,
992 858 1233 932 auctoritatem

176 978 323 1084 maxime
342 977 545 1074 probabat¹.
563 977 696 1050 Eorum
712 977 822 1051 instar
838 975 1150 1075 quadripartitione
1167 979 1232 1052 ista

176 1098 350 1184 utebatur,
366 1107 405 1171 ut
420 1097 499 1192 quis
519 1108 649 1195 ageret,
665 1098 725 1171 ubi
742 1109 778 1172 et
791 1099 933 1195 quando
951 1099 1084 1195 etquid
1099 1110 1235 1195 ageret,

176 1218 212 1290 in
227 1219 323 1292 omni
340 1241 377 1292 re
389 1219 622 1315 exquireret2;
638 1218 794 1293 animam
810 1219 847 1292 in
865 1230 1008 1294 octonas
1023 1229 1137 1317 partes
1153 1220 1236 1293 divi-

176 1338 313 1429 debeo,
334 1362 483 1434 quarum
504 1339 740 1437 principatum
765 1363 805 1414 ea
832 1363 913 1437 pars
936 1341 1130 1431 obtinebat,
1145 1354 1234 1438 'quae

176 1468 357 1565 cogitatio,
372 1468 475 1559 ratio,
489 1462 697 1564 ἡγεμονικὸν
710 1467 872 1541 dicitur‘.

227 1588 310 1674 Quae
332 1600 448 1665 autem
466 1590 511 1663 sit
535 1589 644 1663 animi
664 1600 810 1681 natura,
829 1592 915 1688 quid
938 1593 983 1665 sit
1002 1592 1118 1666 anima
1139 1602 1173 1666 et
1198 1592 1235 1664 in

70 1787 76 1806 ,
179 1710 322 1785 homine
339 1721 374 1784 et
388 1711 425 1783 in
443 1710 596 1800 mundo,
613 1711 697 1785 satis
716 1711 903 1810 Augustini
920 1713 1022 1787 verba
1040 1713 1233 1787 declarant:

179 1831 316 1905 «Varro
332 1832 565 1906 arbitrabatur
575 1833 687 1906 Deum
704 1856 780 1907 esse
798 1833 951 1906 animam
969 1833 1114 1922 mundi,
1130 1856 1235 1928 quem

179 1961 317 2035 «Graeci
337 1954 473 2053 κόσμον
493 1971 635 2050 vocant,
656 1971 691 2035 et
710 1963 807 2036 hunc
828 1962 945 2058 ipsum
967 1962 1142 2035 mundum
1160 1984 1253 2034 esse·

180 2084 335 2173 cDenm;
361 2084 423 2157 sed
445 2082 538 2156 sicut
558 2081 738 2157 hominem
763 2083 975 2180 sapientem,
992 2106 1104 2179 quum
1127 2082 1174 2156 sit
1194 2106 1235 2155 ex

180 2226 351 2300 «corpore
368 2212 402 2277 et
413 2202 547 2292 animo,
563 2213 680 2277 amen
693 2203 736 2277 ab
750 2203 867 2277 animo
878 2203 946 2277 dici
959 2203 1172 2301 sapientem,
1190 2203 1235 2276 ita

180 2325 382 2398 «mundum
396 2325 507 2398 Deum
523 2324 591 2397 dici
606 2325 649 2399 ab
665 2324 803 2413 animo,
818 2347 929 2419 quum
948 2308 994 2397 sit
1011 2299 1062 2398 ex·
1071 2325 1188 2397 animo
1203 2336 1238 2397 et

181 2469 361 2541 «corpore.
385 2445 450 2519 Hic
479 2445 614 2519 videtur
636 2467 777 2541 quoquo
801 2447 905 2519 modo
937 2445 1094 2520 confiteri
1123 2469 1236 2518 unum

181 2566 333 2658 «Deum3
345 2567 406 2640 sed
420 2577 459 2639 ot
474 2566 591 2663 plures
607 2567 711 2640 etiam
728 2566 945 2656 introducat,
960 2566 1120 2664 adjungit
1134 2590 1237 2640 mun-

181 2717 197 2758 o
208 2689 292 2762 dum
310 2690 414 2763 dividi
431 2689 467 2761 in
484 2689 571 2762 duas
591 2700 728 2785 partes,
746 2690 875 2763 coelum
892 2699 926 2763 et
943 2699 1092 2780 terram,
1109 2698 1144 2762 et
1165 2712 1236 2762 coe-

179 2837 196 2880 «
208 2810 283 2882 lum
295 2810 454 2885 bilariam
470 2810 505 2883 in
518 2812 647 2883 aethera
661 2821 695 2885 et
709 2834 788 2884 aera
800 2866 809 2899 ,
823 2820 951 2884 terram
961 2833 1041 2884 vero
1057 2810 1092 2881 in
1108 2833 1236 2905 aquam

179 2941 241 3006 cet
251 2933 446 3022 humum3e
463 2930 592 3027 quibus
602 2953 784 3003 summum
794 2954 869 3005 esse
878 2932 1025 3019 aethera,
1041 2930 1246 3004 secundum

180 3074 307 3141 caera,
328 3051 464 3125 tertiam
486 3074 634 3147 aquam,
655 3050 813 3123 infimam
834 3060 984 3141 terram;
1006 3073 1093 3146 quas
1114 3074 1236 3124 omnes

180 3182 322 3268 «partes
337 3182 487 3268 quatuor
500 3172 698 3245 animarum
709 3195 785 3245 esse
800 3172 920 3268 plenas
935 3228 944 3261 ,
957 3171 993 3243 in
1009 3173 1137 3245 ethere
1151 3182 1186 3245 et
1199 3172 1235 3242 in

180 3316 284 3366 caere
300 3292 567 3382 immortalium,
583 3292 617 3364 in
633 3314 722 3387 aqua
737 3302 772 3365 et
786 3292 822 3364 in
840 3303 932 3366 terra
947 3292 1147 3365 mortalium
1159 3295 1234 3363 ⁵...»

226 3413 328 3487 Haud
345 3412 445 3486 aliter
459 3414 496 3485 in
511 3413 600 3486 libro
614 3413 666 3485 oe
681 3412 803 3506 liopoo
816 3414 928 3487 totino
940 3413 1047 3486 Varro
1060 3412 1236 3508 duplicem

178 3533 262 3608 dicit
275 3556 351 3608 esse
367 3556 509 3607 causam
532 3534 696 3606 nascendi
719 3534 836 3628 ignem
851 3545 886 3608 et
899 3557 1046 3631 aquam,
1066 3558 1143 3630 quae
1168 3533 1238 3606 sint

213 3794 219 3829 ¹
236 3794 274 3844 Da
288 3793 362 3859 Liap.
376 3791 423 3843 lot.
438 3793 538 3855 passim.
554 3819 584 3829 -
598 3794 675 3857 Aug„
691 3791 746 3842 Cio.
763 3791 819 3842 Dei.
833 3791 863 3839 vl
875 3794 901 3840 et
912 3792 962 3839 Vll.

211 3879 223 3916 2
238 3882 276 3931 De
289 3882 363 3947 [λης.
379 3881 442 3941 tat,
456 3882 488 3940 ll,
504 3884 544 3930 ll.
557 3907 590 3917 —-
602 3883 679 3946 Aug„
695 3881 750 3930 cto.
767 3880 822 3930 nes.
838 3880 882 3937 l'l,
897 3884 921 3926 a.

209 3968 224 4007 ³
238 3971 276 4020 Dc
288 3970 364 4035 [λης.
378 3970 441 4031 lut,
457 3972 501 4029 lx,
515 3969 530 4034 ᾗ
544 3974 582 4019 to.

208 4060 221 4095 ⁴
236 4061 272 4108 lb.
288 4063 313 4108 et
327 4058 380 4110 Cio.
396 4060 453 4109 Dei.
468 4061 561 4118 vt1,c.
577 4062 616 4107 23.

208 4147 271 4198 ⁵Ex
284 4152 345 4199 Ant.
361 4163 410 4199 rer.
426 4148 478 4198 div.
493 4150 518 4198 in
532 4149 587 4202 Cio.
604 4148 658 4198 Dei.
674 4150 727 4207 vu,
742 4164 764 4196 c.
780 4152 804 4198 o.
