2967 4609
263 360 350 432 chus
365 368 485 432 contra
502 358 728 433 Academicos
748 359 942 434 orationem
957 360 1125 456 suscepit,
1141 370 1181 432 ut
1195 360 1323 435 retine-

262 490 314 553 ret
328 482 420 553 hanc
431 537 440 569 ,
453 502 560 576 quam
574 478 742 568 diximus,
757 480 909 553 Stoicam
924 479 1193 554 definitionem¹.
1258 494 1263 503 '

309 602 391 675 Haec
410 601 515 675 etiam
537 625 615 698 quse
637 603 680 676 de
699 625 819 676 rerum
839 602 1086 700 perspicuitate
1105 602 1324 677 defendenda

260 723 461 820 responderi
474 733 617 819 possent
629 722 665 795 in
683 733 847 821 promptu
863 722 1048 812 habebat²,
1068 746 1194 820 nempe
1207 724 1252 797 ita
1269 747 1327 797 ar·
1381 715 1384 720 ’

260 854 375 916 matus
387 853 426 918 ut
437 843 536 917 iacile
551 844 881 940 interrogationibus
896 844 1186 920 Academicorum
1201 868 1328 919 occur-

262 974 354 1062 reret
365 963 611 1062 captionesque
627 988 750 1040 omues
763 966 954 1040 discuteret
962 968 986 1038 ³.
1003 965 1120 1050 Quum
1133 965 1225 1038 varia
1240 965 1329 1039 Aca-

261 1084 479 1159 demicorum
504 1098 709 1183 argumenta
733 1097 921 1185 exponeret
940 1110 981 1160 ac
1001 1087 1258 1184 perpenderet,
1280 1087 1326 1160 ad

261 1229 382 1280 omnes
403 1207 552 1282 visiones
566 1208 688 1283 inanes
703 1210 877 1305 permulta
892 1208 1031 1284 dicebat
1051 1218 1086 1281 et
1105 1207 1238 1282 erat'de
1259 1209 1328 1282 hac

261 1350 331 1402 una
350 1351 387 1401 re
406 1328 512 1404 unius
534 1329 603 1403 diei
622 1330 853 1427 disputatio⁸3
879 1340 914 1405 et
935 1353 1046 1426 quum
1061 1329 1225 1426 quaedam
1249 1353 1327 1404 esse

261 1451 344 1524 salsa
366 1474 534 1526 sensnum
555 1451 627 1526 visa
649 1452 827 1541 lateretur,
849 1461 970 1525 contra
992 1450 1069 1525 illos
1091 1449 1245 1546 certabat
1263 1451 1327 1547 qui

262 1571 350 1644 nihil
366 1551 497 1670 percipi
513 1596 613 1669 posse
628 1573 710 1648 inde
723 1573 1012 1647 concludebant⁵.

308 1810 381 1886 Nec
395 1813 478 1887 satis
494 1815 562 1888 hoc
576 1815 642 1887 luit
654 1813 844 1903 Antiocho,
866 1824 906 1886 ut
919 1813 1010 1903 istis,
1033 1835 1111 1908 quae
1131 1811 1175 1885 ab
1190 1811 1327 1884 Acade-

261 1931 362 2007 micis
378 1945 497 2009 contra
511 1959 629 2036 rerum
642 1936 850 2010 evidentiam
865 1935 1146 2032 disputabantur,
1157 1932 1329 2023 refutatis,

261 2054 308 2128 ita
336 2056 516 2152 antiquam
540 2057 797 2154 philosophiam
821 2066 856 2130 et
873 2056 1025 2129 Stoicam
1043 2054 1243 2128 'doctrinam
1268 2063 1329 2126 tu-

261 2184 401 2249 taretur.
416 2177 484 2250 Eos
500 2177 594 2250 enim
609 2200 792 2274 aggressus
807 2187 841 2251 et
854 2178 1060 2266 insectatus,
1078 2197 1242 2271 quaenam
1257 2174 1324 2248 sibi

261 2296 379 2370 minus
399 2298 609 2388 constantia,
627 2320 790 2394 quaenam
805 2322 926 2373 secum
944 2296 1190 2395 repugnantia,
1213 2296 1327 2370 admi·
1365 2327 1368 2333 ·

261 2418 405 2508 sissent,
419 2420 655 2494 ostendebatl.
681 2419 759 2504 Quo
769 2421 911 2516 quidem
927 2420 963 2492 iu
983 2417 1249 2514 argumentandi
1267 2440 1327 2513 ge-

262 2565 343 2615 nere
353 2565 424 2615 nou
435 2542 549 2617 solum
559 2543 757 2617 Stoicorum
764 2543 904 2639 vestigia
914 2542 1137 2639 sequebatur,
1150 2526 1326 2616 sedetiam

261 2663 304 2735 de
318 2662 457 2759 proprio
471 2664 631 2736 nonnihil
645 2663 836 2738 addiderat.

310 2790 426 2874 Quum
448 2789 536 2862 nihil
561 2790 812 2887 comprehendi
837 2812 938 2886 posse
957 2790 1172 2862 affirmarent
1195 2788 1328 2862 Acade·

259 2911 380 2999 micil,
413 2921 688 2985 consentaneum
718 2933 794 2984 esse
827 2911 863 2985 id
892 2911 1010 3007 ipsum
1041 2909 1164 2983 saltem
1193 2908 1324 3006 percipi

261 3054 377 3128 posse,
392 3030 512 3105 utalia
527 3055 598 3106 non
615 3041 775 3127 possent,
794 3030 1020 3105 contenderat
1033 3030 1170 3103 Stoicus
1185 3028 1328 3125 Antipa-

298 3267 303 3301 ¹
320 3265 417 3326 deod„
432 3268 469 3326 ll,
483 3270 508 3316 6.

294 3355 307 3392 2
320 3358 434 3406 Lucullus
447 3353 553 3406 ostendit
565 3356 736 3417 Academicos,
751 3360 809 3407 dum
821 3358 873 3406 visa
887 3372 942 3407 esse
955 3358 1119 3415 contendunt,
1134 3355 1216 3418 qualia
1229 3370 1243 3404 a
1257 3356 1326 3404 salsis

261 3446 366 3495 discerni
379 3445 542 3508 nonpossint,
558 3446 730 3495 nihilomnino
744 3448 790 3496 loci
803 3446 927 3496 memoriae
941 3450 966 3494 et
978 3446 1071 3494 artibus
1085 3443 1188 3507 (deod,
1203 3445 1239 3503 ΙΙ,
1253 3458 1275 3492 c.
1291 3443 1325 3508 7),

264 3537 324 3585 nihil
337 3535 425 3585 rationi
438 3532 497 3599 (ib,
518 3549 540 3583 c.
556 3538 584 3592 8,
603 3533 676 3599 §²⁶2
697 3549 719 3584 c.
735 3539 763 3594 9,
784 3533 856 3599 527,
871 3549 893 3582 c.
909 3537 953 3592 lt,
973 3532 1056 3599 §tt)‚
1070 3529 1251 3606 nihil'scieutiae
1264 3531 1327 3604 gib,

261 3639 283 3673 c.
299 3624 336 3689 8),
352 3624 412 3673 nihil
426 3623 552 3686 sapientire
565 3620 624 3687 (ib,
638 3638 660 3673 c.
676 3627 689 3672 8
703 3629 729 3674 et
741 3624 766 3688 9)
779 3624 925 3685 relinquere.

293 3710 307 3751 3
321 3714 448 3771 Lucullus,
464 3712 560 3772 dead,
574 3713 612 3773 ll,
627 3716 667 3762 15.

293 3798 310 3857 4.
320 3799 419 3862 dead„
433 3801 470 3861 ll,
486 3804 530 3862 lo,
545 3804 586 3849 25.

295 3887 417 3950 ⁵Acod.,
432 3892 469 3949 ll,
485 3894 524 3939 82.
540 3891 575 3940 ct.
590 3890 640 3950 ib,
656 3891 694 3937 16.

294 3976 308 4017 ὅ
321 3982 449 4039 Lucullus,
465 3979 559 4038 deod,
574 3980 609 4038 ll,
624 3982 668 4036 15,
684 3993 736 4040 sqq.

294 4069 306 4103 ⁷
321 4067 417 4128 dead,
433 4070 458 4128 1,
475 4072 514 4117 12.
532 4068 669 4116 «Arcesilas
683 4069 790 4132 negabat
802 4081 857 4117 esse
870 4067 1017 4129 quidquam,
1033 4069 1097 4129 quod
1112 4067 1169 4117 sciri
1184 4071 1279 4130 posset,
1295 4080 1326 4117 ue

261 4159 430 4221 illudquidem
444 4159 538 4221 ipsum,
554 4159 618 4218 quod
632 4158 742 4205 Socrates
757 4156 802 4205 sibi
815 4157 983 4217 reliquisset.»
