<?xml version="1.0" encoding="UTF-8"?>
<!DOCTYPE html PUBLIC "-//W3C//DTD XHTML 1.0 Transitional//EN"
    "http://www.w3.org/TR/xhtml1/DTD/xhtml1-transitional.dtd">
<html xmlns="http://www.w3.org/1999/xhtml" xml:lang="en" lang="en">
 <head>
  <title>
</title>
<meta http-equiv="Content-Type" content="text/html;charset=utf-8" />
  <meta name='ocr-system' content='tesseract 3.04.00' />
  <meta name='ocr-capabilities' content='ocr_page ocr_carea ocr_par ocr_line ocrx_word'/>
</head>
<body>
  <div class='ocr_page' id='page_1' title='image "./deantiochiascal00chapgoog_0020.png"; bbox 0 0 2967 4609; ppageno 0'>
   <div class='ocr_carea' id='block_1_1' title="bbox 758 228 782 301">
    <p class='ocr_par' dir='ltr' id='par_1_1' title="bbox 758 228 782 301">
     <span class='ocr_line' id='line_1_1' title="bbox 758 228 782 301; baseline 0 0"><span class='ocrx_word' id='word_1_1' title='bbox 758 228 782 301; x_wconf 77' lang='lat' dir='ltr'>d</span> 
     </span>
    </p>
   </div>
   <div class='ocr_carea' id='block_1_2' title="bbox 203 374 1411 2294">
    <p class='ocr_par' dir='ltr' id='par_1_2' title="bbox 237 374 1303 844">
     <span class='ocr_line' id='line_1_2' title="bbox 238 374 1301 471; baseline 0 -21"><span class='ocrx_word' id='word_1_2' title='bbox 238 399 358 451; x_wconf 88' lang='lat' dir='ltr'>enova</span> <span class='ocrx_word' id='word_1_3' title='bbox 373 375 639 471; x_wconf 79' lang='lat' dir='ltr'>remigraret¹.r</span> <span class='ocrx_word' id='word_1_4' title='bbox 666 374 747 448; x_wconf 90' lang='lat' dir='ltr'>ldeo</span> <span class='ocrx_word' id='word_1_5' title='bbox 769 397 839 449; x_wconf 92' lang='lat' dir='ltr'>non</span> <span class='ocrx_word' id='word_1_6' title='bbox 859 374 1030 448; x_wconf 92' lang='lat' dir='ltr'>miremur</span> <span class='ocrx_word' id='word_1_7' title='bbox 1048 375 1148 448; x_wconf 91' lang='lat' dir='ltr'>illum</span> <span class='ocrx_word' id='word_1_8' title='bbox 1168 400 1187 449; x_wconf 94' lang='lat' dir='ltr'>a</span> <span class='ocrx_word' id='word_1_9' title='bbox 1206 376 1301 450; x_wconf 85' lang='lat' dir='ltr'>Cice·</span> 
     </span>
     <span class='ocr_line' id='line_1_3' title="bbox 237 497 1300 595; baseline 0 -26"><span class='ocrx_word' id='word_1_10' title='bbox 237 521 320 571; x_wconf 92' lang='lat' dir='ltr'>rone</span> <span class='ocrx_word' id='word_1_11' title='bbox 334 508 454 571; x_wconf 89' lang='lat' dir='ltr'>contra</span> <span class='ocrx_word' id='word_1_12' title='bbox 469 521 574 572; x_wconf 91' lang='lat' dir='ltr'>novos</span> <span class='ocrx_word' id='word_1_13' title='bbox 591 497 819 573; x_wconf 79' lang='lat' dir='ltr'><strong>Academicos</strong></span> <span class='ocrx_word' id='word_1_14' title='bbox 834 498 1071 595; x_wconf 71' lang='lat' dir='ltr'>disputantem</span> <span class='ocrx_word' id='word_1_15' title='bbox 1086 497 1207 571; x_wconf 93' lang='lat' dir='ltr'>induci</span> <span class='ocrx_word' id='word_1_16' title='bbox 1221 499 1247 587; x_wconf 75' lang='lat'>²,</span> <span class='ocrx_word' id='word_1_17' title='bbox 1263 508 1300 570; x_wconf 89' lang='lat' dir='ltr'>ct</span> 
     </span>
     <span class='ocr_line' id='line_1_4' title="bbox 237 619 1303 716; baseline -0.001 -23"><span class='ocrx_word' id='word_1_18' title='bbox 237 643 320 693; x_wconf 88' lang='lat' dir='ltr'>curn</span> <span class='ocrx_word' id='word_1_19' title='bbox 335 619 514 716; x_wconf 80' lang='lat' dir='ltr'>discipulis</span> <span class='ocrx_word' id='word_1_20' title='bbox 533 620 605 694; x_wconf 93' lang='lat' dir='ltr'>suis</span> <span class='ocrx_word' id='word_1_21' title='bbox 620 620 801 694; x_wconf 89' lang='lat' dir='ltr'>abeodem</span> <span class='ocrx_word' id='word_1_22' title='bbox 816 630 850 693; x_wconf 91' lang='lat' dir='ltr'>et</span> <span class='ocrx_word' id='word_1_23' title='bbox 868 644 888 693; x_wconf 94' lang='lat' dir='ltr'>a</span> <span class='ocrx_word' id='word_1_24' title='bbox 909 620 1098 695; x_wconf 80' lang='lat' dir='ltr'>Plutarcho</span> <span class='ocrx_word' id='word_1_25' title='bbox 1113 621 1206 695; x_wconf 86' lang='lat' dir='ltr'>atah</span> <span class='ocrx_word' id='word_1_26' title='bbox 1229 620 1303 693; x_wconf 87' lang='lat' dir='ltr'>Au-</span> 
     </span>
     <span class='ocr_line' id='line_1_5' title="bbox 237 740 1064 844; baseline 0.002 -30"><span class='ocrx_word' id='word_1_27' title='bbox 237 741 376 837; x_wconf 85' lang='lat' dir='ltr'>gustino</span> <span class='ocrx_word' id='word_1_28' title='bbox 391 742 496 816; x_wconf 91' lang='lat' dir='ltr'>veteri</span> <span class='ocrx_word' id='word_1_29' title='bbox 509 740 704 815; x_wconf 76' lang='lat' dir='ltr'>Academia</span> <span class='ocrx_word' id='word_1_30' title='bbox 721 765 859 844; x_wconf 84' lang='lat' dir='ltr'>semper</span> <span class='ocrx_word' id='word_1_31' title='bbox 875 743 1027 816; x_wconf 82' lang='lat' dir='ltr'>adscribi</span> <span class='ocrx_word' id='word_1_32' title='bbox 1040 746 1064 815; x_wconf 82' lang='lat'>³.</span> 
     </span>
    </p>

    <p class='ocr_par' dir='ltr' id='par_1_3' title="bbox 238 853 1411 1807">
     <span class='ocr_line' id='line_1_6' title="bbox 284 853 1301 963; baseline 0.002 -27"><span class='ocrx_word' id='word_1_33' title='bbox 284 853 476 937; x_wconf 72' lang='lat' dir='ltr'>Antiochus</span> <span class='ocrx_word' id='word_1_34' title='bbox 491 872 607 936; x_wconf 87' lang='lat' dir='ltr'>autem</span> <span class='ocrx_word' id='word_1_35' title='bbox 623 863 659 935; x_wconf 95' lang='lat' dir='ltr'>in</span> <span class='ocrx_word' id='word_1_36' title='bbox 674 864 827 953; x_wconf 89' lang='lat' dir='ltr'>Stoicos,</span> <span class='ocrx_word' id='word_1_37' title='bbox 842 865 1053 963; x_wconf 75' lang='lat' dir='ltr'>Jampridem</span> <span class='ocrx_word' id='word_1_38' title='bbox 1069 888 1151 939; x_wconf 91' lang='lat' dir='ltr'>cum</span> <span class='ocrx_word' id='word_1_39' title='bbox 1166 864 1301 939; x_wconf 92' lang='lat' dir='ltr'>Acade-</span> 
     </span>
     <span class='ocr_line' id='line_1_7' title="bbox 238 983 1303 1083; baseline 0.002 -26"><span class='ocrx_word' id='word_1_40' title='bbox 238 984 339 1058; x_wconf 89' lang='lat' dir='ltr'>micis</span> <span class='ocrx_word' id='word_1_41' title='bbox 361 983 528 1058; x_wconf 90' lang='lat' dir='ltr'>acerrime</span> <span class='ocrx_word' id='word_1_42' title='bbox 544 984 709 1060; x_wconf 90' lang='lat' dir='ltr'>dimicare</span> <span class='ocrx_word' id='word_1_43' title='bbox 728 985 866 1075; x_wconf 91' lang='lat' dir='ltr'>solitos,</span> <span class='ocrx_word' id='word_1_44' title='bbox 885 986 1089 1083; x_wconf 82' lang='lat' dir='ltr'>propensior</span> <span class='ocrx_word' id='word_1_45' title='bbox 1114 1009 1189 1060; x_wconf 90' lang='lat' dir='ltr'>esse</span> <span class='ocrx_word' id='word_1_46' title='bbox 1210 986 1303 1059; x_wconf 89' lang='lat' dir='ltr'>vidc-</span> 
     </span>
     <span class='ocr_line' id='line_1_8' title="bbox 238 1087 1411 1181; baseline 0 -2"><span class='ocrx_word' id='word_1_47' title='bbox 238 1107 350 1179; x_wconf 87' lang='lat' dir='ltr'>batur.</span> <span class='ocrx_word' id='word_1_48' title='bbox 376 1106 466 1180; x_wconf 85' lang='lat' dir='ltr'>Satis</span> <span class='ocrx_word' id='word_1_49' title='bbox 481 1105 576 1179; x_wconf 89' lang='lat' dir='ltr'>enim</span> <span class='ocrx_word' id='word_1_50' title='bbox 588 1116 623 1180; x_wconf 91' lang='lat' dir='ltr'>et</span> <span class='ocrx_word' id='word_1_51' title='bbox 634 1106 799 1181; x_wconf 89' lang='lat' dir='ltr'>Antiochi</span> <span class='ocrx_word' id='word_1_52' title='bbox 813 1107 994 1181; x_wconf 90' lang='lat' dir='ltr'>sententiis</span> <span class='ocrx_word' id='word_1_53' title='bbox 1010 1117 1045 1181; x_wconf 90' lang='lat' dir='ltr'>et</span> <span class='ocrx_word' id='word_1_54' title='bbox 1057 1118 1214 1180; x_wconf 88' lang='lat' dir='ltr'>veteram</span> <span class='ocrx_word' id='word_1_55' title='bbox 1235 1117 1302 1180; x_wconf 91' lang='lat' dir='ltr'>tes-</span> <span class='ocrx_word' id='word_1_56' title='bbox 1407 1087 1411 1095; x_wconf 40' lang='lat'>¹</span> 
     </span>
     <span class='ocr_line' id='line_1_9' title="bbox 238 1226 1301 1327; baseline 0.001 -28"><span class='ocrx_word' id='word_1_57' title='bbox 238 1226 392 1300; x_wconf 88' lang='lat' dir='ltr'>timoniis</span> <span class='ocrx_word' id='word_1_58' title='bbox 406 1226 506 1299; x_wconf 93' lang='lat' dir='ltr'>illum</span> <span class='ocrx_word' id='word_1_59' title='bbox 520 1238 655 1301; x_wconf 87' lang='lat' dir='ltr'>constat</span> <span class='ocrx_word' id='word_1_60' title='bbox 666 1228 791 1302; x_wconf 89' lang='lat' dir='ltr'>Stoicis</span> <span class='ocrx_word' id='word_1_61' title='bbox 805 1229 966 1327; x_wconf 89' lang='lat' dir='ltr'>propiora</span> <span class='ocrx_word' id='word_1_62' title='bbox 988 1229 1157 1317; x_wconf 87' lang='lat' dir='ltr'>sensisse,</span> <span class='ocrx_word' id='word_1_63' title='bbox 1178 1251 1301 1302; x_wconf 90' lang='lat' dir='ltr'>eorum</span> 
     </span>
     <span class='ocr_line' id='line_1_10' title="bbox 238 1347 1303 1447; baseline -0.001 -25"><span class='ocrx_word' id='word_1_64' title='bbox 238 1347 524 1445; x_wconf 89' lang='lat' dir='ltr'>adstipulatorem</span> <span class='ocrx_word' id='word_1_65' title='bbox 539 1349 644 1423; x_wconf 85' lang='lat' dir='ltr'>luisse</span> <span class='ocrx_word' id='word_1_66' title='bbox 663 1359 697 1422; x_wconf 91' lang='lat' dir='ltr'>et</span> <span class='ocrx_word' id='word_1_67' title='bbox 717 1350 754 1423; x_wconf 94' lang='lat' dir='ltr'>in</span> <span class='ocrx_word' id='word_1_68' title='bbox 776 1350 851 1447; x_wconf 90' lang='lat' dir='ltr'>ipsa</span> <span class='ocrx_word' id='word_1_69' title='bbox 869 1349 1055 1424; x_wconf 84' lang='lat' dir='ltr'>Academia</span> <span class='ocrx_word' id='word_1_70' title='bbox 1076 1350 1303 1445; x_wconf 85' lang='lat' dir='ltr'>germanissi-</span> 
     </span>
     <span class='ocr_line' id='line_1_11' title="bbox 238 1469 1301 1567; baseline 0.003 -27"><span class='ocrx_word' id='word_1_71' title='bbox 238 1491 338 1542; x_wconf 93' lang='lat' dir='ltr'>mum</span> <span class='ocrx_word' id='word_1_72' title='bbox 355 1493 443 1566; x_wconf 89' lang='lat' dir='ltr'>pene</span> <span class='ocrx_word' id='word_1_73' title='bbox 460 1470 627 1544; x_wconf 85' lang='lat' dir='ltr'>Stoicum.</span> <span class='ocrx_word' id='word_1_74' title='bbox 649 1472 722 1545; x_wconf 91' lang='lat' dir='ltr'>Nec</span> <span class='ocrx_word' id='word_1_75' title='bbox 742 1471 886 1567; x_wconf 90' lang='lat' dir='ltr'>quidem</span> <span class='ocrx_word' id='word_1_76' title='bbox 902 1470 1061 1545; x_wconf 92' lang='lat' dir='ltr'>Philonis</span> <span class='ocrx_word' id='word_1_77' title='bbox 1081 1469 1215 1559; x_wconf 92' lang='lat' dir='ltr'>solum,</span> <span class='ocrx_word' id='word_1_78' title='bbox 1241 1471 1301 1543; x_wconf 94' lang='lat' dir='ltr'>sed</span> 
     </span>
     <span class='ocr_line' id='line_1_12' title="bbox 239 1589 1301 1692; baseline 0.001 -31"><span class='ocrx_word' id='word_1_79' title='bbox 239 1589 344 1662; x_wconf 88' lang='lat' dir='ltr'>etiarn</span> <span class='ocrx_word' id='word_1_80' title='bbox 367 1589 564 1692; x_wconf 86' lang='lat' dir='ltr'>Mnesarchi</span> <span class='ocrx_word' id='word_1_81' title='bbox 585 1591 690 1665; x_wconf 89' lang='lat' dir='ltr'>Stoici</span> <span class='ocrx_word' id='word_1_82' title='bbox 711 1614 794 1664; x_wconf 90' lang='lat' dir='ltr'>eum</span> <span class='ocrx_word' id='word_1_83' title='bbox 817 1592 1011 1666; x_wconf 89' lang='lat' dir='ltr'>auditorem</span> <span class='ocrx_word' id='word_1_84' title='bbox 1031 1615 1071 1665; x_wconf 91' lang='lat' dir='ltr'>ac</span> <span class='ocrx_word' id='word_1_85' title='bbox 1088 1589 1301 1687; x_wconf 90' lang='lat' dir='ltr'>discipulum</span> 
     </span>
     <span class='ocr_line' id='line_1_13' title="bbox 239 1703 1012 1807; baseline 0.003 -25"><span class='ocrx_word' id='word_1_86' title='bbox 239 1710 357 1800; x_wconf 87' lang='lat' dir='ltr'>fuisse,</span> <span class='ocrx_word' id='word_1_87' title='bbox 372 1735 391 1783; x_wconf 91' lang='lat' dir='ltr'>a</span> <span class='ocrx_word' id='word_1_88' title='bbox 407 1711 618 1807; x_wconf 90' lang='lat' dir='ltr'>quibusdam</span> <span class='ocrx_word' id='word_1_89' title='bbox 634 1712 817 1786; x_wconf 61' lang='lat' dir='ltr'>tradituri.</span> <span class='ocrx_word' id='word_1_90' title='bbox 1008 1703 1012 1710; x_wconf 79' lang='grc'>’</span> 
     </span>
    </p>

    <p class='ocr_par' dir='ltr' id='par_1_4' title="bbox 203 1833 1305 2294">
     <span class='ocr_line' id='line_1_14' title="bbox 287 1833 1303 1930; baseline 0.003 -26"><span class='ocrx_word' id='word_1_91' title='bbox 287 1833 372 1906; x_wconf 92' lang='lat' dir='ltr'>lnde</span> <span class='ocrx_word' id='word_1_92' title='bbox 386 1842 529 1930; x_wconf 89' lang='lat' dir='ltr'>apparet</span> <span class='ocrx_word' id='word_1_93' title='bbox 546 1834 632 1907; x_wconf 91' lang='lat' dir='ltr'>duas</span> <span class='ocrx_word' id='word_1_94' title='bbox 652 1833 866 1907; x_wconf 86' lang='lat' dir='ltr'>Antiochum</span> <span class='ocrx_word' id='word_1_95' title='bbox 891 1835 982 1908; x_wconf 91' lang='lat' dir='ltr'>inter</span> <span class='ocrx_word' id='word_1_96' title='bbox 1004 1845 1039 1908; x_wconf 90' lang='lat' dir='ltr'>et</span> <span class='ocrx_word' id='word_1_97' title='bbox 1053 1857 1159 1908; x_wconf 85' lang='lat' dir='ltr'>novos</span> <span class='ocrx_word' id='word_1_98' title='bbox 1173 1834 1303 1908; x_wconf 91' lang='lat' dir='ltr'>Acade-</span> 
     </span>
     <span class='ocr_line' id='line_1_15' title="bbox 203 1940 1305 2053; baseline 0.002 -27"><span class='ocrx_word' id='word_1_99' title='bbox 203 1963 206 1968; x_wconf 68' lang='grc'><strong>“</strong></span> <span class='ocrx_word' id='word_1_100' title='bbox 239 1940 350 2027; x_wconf 91' lang='lat' dir='ltr'>micos</span> <span class='ocrx_word' id='word_1_101' title='bbox 369 1954 475 2027; x_wconf 87' lang='lat' dir='ltr'>luisse</span> <span class='ocrx_word' id='word_1_102' title='bbox 499 1954 758 2028; x_wconf 87' lang='lat' dir='ltr'>dissensiones:</span> <span class='ocrx_word' id='word_1_103' title='bbox 784 1979 891 2029; x_wconf 92' lang='lat' dir='ltr'>unam</span> <span class='ocrx_word' id='word_1_104' title='bbox 907 1957 1021 2051; x_wconf 91' lang='lat' dir='ltr'>quod,</span> <span class='ocrx_word' id='word_1_105' title='bbox 1047 1965 1184 2053; x_wconf 86' lang='lat' dir='ltr'>recepta</span> <span class='ocrx_word' id='word_1_106' title='bbox 1211 1967 1305 2029; x_wconf 88' lang='lat' dir='ltr'>com·</span> 
     </span>
     <span class='ocr_line' id='line_1_16' title="bbox 240 2071 1302 2170; baseline 0.005 -25"><span class='ocrx_word' id='word_1_107' title='bbox 240 2071 470 2170; x_wconf 81' lang='lat' dir='ltr'>prehensionc</span> <span class='ocrx_word' id='word_1_108' title='bbox 485 2084 520 2147; x_wconf 88' lang='lat' dir='ltr'>et</span> <span class='ocrx_word' id='word_1_109' title='bbox 532 2085 663 2148; x_wconf 89' lang='lat' dir='ltr'>servato</span> <span class='ocrx_word' id='word_1_110' title='bbox 686 2075 840 2149; x_wconf 88' lang='lat' dir='ltr'>scientiae</span> <span class='ocrx_word' id='word_1_111' title='bbox 860 2078 1103 2166; x_wconf 81' lang='lat' dir='ltr'>fundamento,</span> <span class='ocrx_word' id='word_1_112' title='bbox 1119 2077 1247 2151; x_wconf 90' lang='lat' dir='ltr'>rediret</span> <span class='ocrx_word' id='word_1_113' title='bbox 1259 2077 1302 2150; x_wconf 91' lang='lat' dir='ltr'>ad</span> 
     </span>
     <span class='ocr_line' id='line_1_17' title="bbox 239 2195 1304 2294; baseline 0.005 -29"><span class='ocrx_word' id='word_1_114' title='bbox 239 2195 422 2268; x_wconf 90' lang='lat' dir='ltr'>Platonem</span> <span class='ocrx_word' id='word_1_115' title='bbox 445 2204 480 2268; x_wconf 90' lang='lat' dir='ltr'>ct</span> <span class='ocrx_word' id='word_1_116' title='bbox 501 2196 575 2291; x_wconf 86' lang='lat' dir='ltr'>ejus</span> <span class='ocrx_word' id='word_1_117' title='bbox 591 2195 732 2269; x_wconf 93' lang='lat' dir='ltr'>nomine</span> <span class='ocrx_word' id='word_1_118' title='bbox 747 2195 973 2270; x_wconf 91' lang='lat' dir='ltr'>Academicos</span> <span class='ocrx_word' id='word_1_119' title='bbox 995 2220 1100 2270; x_wconf 87' lang='lat' dir='ltr'>novos</span> <span class='ocrx_word' id='word_1_120' title='bbox 1122 2197 1304 2294; x_wconf 83' lang='lat' dir='ltr'>impugna-</span> 
     </span>
    </p>
   </div>
   <div class='ocr_carea' id='block_1_3' title="bbox 240 2311 1307 2780">
    <p class='ocr_par' dir='ltr' id='par_1_5' title="bbox 240 2311 1307 2657">
     <span class='ocr_line' id='line_1_18' title="bbox 240 2311 1307 2415; baseline 0.004 -28"><span class='ocrx_word' id='word_1_121' title='bbox 240 2325 313 2406; x_wconf 88' lang='lat' dir='ltr'>rct;</span> <span class='ocrx_word' id='word_1_122' title='bbox 329 2317 472 2389; x_wconf 89' lang='lat' dir='ltr'>alteram</span> <span class='ocrx_word' id='word_1_123' title='bbox 487 2317 598 2411; x_wconf 89' lang='lat' dir='ltr'>quod,</span> <span class='ocrx_word' id='word_1_124' title='bbox 620 2340 661 2390; x_wconf 88' lang='lat' dir='ltr'>cx</span> <span class='ocrx_word' id='word_1_125' title='bbox 674 2317 780 2391; x_wconf 90' lang='lat' dir='ltr'>veteri</span> <span class='ocrx_word' id='word_1_126' title='bbox 796 2316 983 2391; x_wconf 90' lang='lat' dir='ltr'>Academia</span> <span class='ocrx_word' id='word_1_127' title='bbox 1002 2318 1135 2392; x_wconf 89' lang='lat' dir='ltr'>Stoicos</span> <span class='ocrx_word' id='word_1_128' title='bbox 1153 2311 1307 2415; x_wconf 76' lang='lat' dir='ltr'>pendere</span> 
     </span>
     <span class='ocr_line' id='line_1_19' title="bbox 241 2439 1305 2537; baseline 0.003 -26"><span class='ocrx_word' id='word_1_129' title='bbox 241 2439 444 2528; x_wconf 88' lang='lat' dir='ltr'>arbitratus,</span> <span class='ocrx_word' id='word_1_130' title='bbox 470 2439 667 2513; x_wconf 87' lang='lat' dir='ltr'>Stoicorum</span> <span class='ocrx_word' id='word_1_131' title='bbox 688 2463 830 2513; x_wconf 91' lang='lat' dir='ltr'>causam</span> <span class='ocrx_word' id='word_1_132' title='bbox 854 2441 1047 2537; x_wconf 91' lang='lat' dir='ltr'>susciperet</span> <span class='ocrx_word' id='word_1_133' title='bbox 1069 2465 1220 2537; x_wconf 90' lang='lat' dir='ltr'>quorum</span> <span class='ocrx_word' id='word_1_134' title='bbox 1245 2464 1305 2514; x_wconf 94' lang='lat' dir='ltr'>no-</span> 
     </span>
     <span class='ocr_line' id='line_1_20' title="bbox 241 2557 1129 2657; baseline 0.003 -26"><span class='ocrx_word' id='word_1_135' title='bbox 241 2560 335 2633; x_wconf 89' lang='lat' dir='ltr'>mine</span> <span class='ocrx_word' id='word_1_136' title='bbox 350 2583 473 2633; x_wconf 91' lang='lat' dir='ltr'>rursus</span> <span class='ocrx_word' id='word_1_137' title='bbox 488 2561 629 2635; x_wconf 92' lang='lat' dir='ltr'>eosdem</span> <span class='ocrx_word' id='word_1_138' title='bbox 644 2562 901 2657; x_wconf 79' lang='lat' dir='ltr'>aggrederetur.</span> <span class='ocrx_word' id='word_1_139' title='bbox 1128 2557 1129 2562; x_wconf 62' lang='grc'>’</span> 
     </span>
    </p>

    <p class='ocr_par' dir='ltr' id='par_1_6' title="bbox 291 2681 1306 2780">
     <span class='ocr_line' id='line_1_21' title="bbox 291 2681 1306 2780; baseline 0.005 -27"><span class='ocrx_word' id='word_1_140' title='bbox 291 2682 341 2754; x_wconf 92' lang='lat' dir='ltr'>lta</span> <span class='ocrx_word' id='word_1_141' title='bbox 356 2681 493 2777; x_wconf 88' lang='lat' dir='ltr'>quinta,</span> <span class='ocrx_word' id='word_1_142' title='bbox 507 2681 678 2756; x_wconf 92' lang='lat' dir='ltr'>Antiocho</span> <span class='ocrx_word' id='word_1_143' title='bbox 694 2683 783 2756; x_wconf 91' lang='lat' dir='ltr'>duce</span> <span class='ocrx_word' id='word_1_144' title='bbox 798 2693 832 2756; x_wconf 90' lang='lat' dir='ltr'>et</span> <span class='ocrx_word' id='word_1_145' title='bbox 845 2682 1018 2780; x_wconf 85' lang='lat' dir='ltr'>principe,</span> <span class='ocrx_word' id='word_1_146' title='bbox 1035 2684 1164 2757; x_wconf 80' lang='lat' dir='ltr'>exstitit</span> <span class='ocrx_word' id='word_1_147' title='bbox 1176 2683 1306 2758; x_wconf 89' lang='lat' dir='ltr'>Acade·</span> 
     </span>
    </p>
   </div>
   <div class='ocr_carea' id='block_1_4' title="bbox 192 2919 1307 4054">
    <p class='ocr_par' dir='ltr' id='par_1_7' title="bbox 242 2919 1303 3060">
     <span class='ocr_line' id='line_1_22' title="bbox 280 2919 1303 2981; baseline -0.003 -11"><span class='ocrx_word' id='word_1_148' title='bbox 280 2922 286 2956; x_wconf 85' lang='lat'>¹</span> <span class='ocrx_word' id='word_1_149' title='bbox 304 2919 399 2981; x_wconf 77' lang='lat' dir='ltr'>Acad,</span> <span class='ocrx_word' id='word_1_150' title='bbox 420 2922 444 2979; x_wconf 92' lang='lat' dir='ltr'>l,</span> <span class='ocrx_word' id='word_1_151' title='bbox 463 2924 494 2981; x_wconf 62' lang='grc' dir='ltr'>ἑκ,</span> <span class='ocrx_word' id='word_1_152' title='bbox 513 2921 544 2969; x_wconf 87' lang='lat' dir='ltr'>cs.</span> <span class='ocrx_word' id='word_1_153' title='bbox 566 2919 614 2979; x_wconf 72' lang='lat' dir='ltr'>ila,</span> <span class='ocrx_word' id='word_1_154' title='bbox 634 2920 668 2979; x_wconf 95' lang='lat' dir='ltr'>ll,</span> <span class='ocrx_word' id='word_1_155' title='bbox 683 2923 723 2967; x_wconf 72' lang='lat'>22.</span> <span class='ocrx_word' id='word_1_156' title='bbox 741 2920 870 2968; x_wconf 76' lang='lat' dir='ltr'>«Veterem</span> <span class='ocrx_word' id='word_1_157' title='bbox 884 2919 1039 2969; x_wconf 87' lang='lat' dir='ltr'>Academiam</span> <span class='ocrx_word' id='word_1_158' title='bbox 1052 2920 1175 2969; x_wconf 76' lang='lat' dir='ltr'>revocavit</span> <span class='ocrx_word' id='word_1_159' title='bbox 1181 2957 1303 2969; x_wconf 84' lang='grc'><strong>.......</strong></span> 
     </span>
     <span class='ocr_line' id='line_1_23' title="bbox 242 3010 883 3060; baseline -0.006 0"><span class='ocrx_word' id='word_1_160' title='bbox 242 3015 352 3060; x_wconf 84' lang='lat' dir='ltr'>veterum</span> <span class='ocrx_word' id='word_1_161' title='bbox 366 3010 566 3059; x_wconf 88' lang='lat' dir='ltr'>Academicorum</span> <span class='ocrx_word' id='word_1_162' title='bbox 579 3010 692 3059; x_wconf 87' lang='lat' dir='ltr'>umbram</span> <span class='ocrx_word' id='word_1_163' title='bbox 706 3011 805 3058; x_wconf 88' lang='lat' dir='ltr'>secutus</span> <span class='ocrx_word' id='word_1_164' title='bbox 818 3011 883 3058; x_wconf 80' lang='lat' dir='ltr'>cst.»</span> 
     </span>
    </p>

    <p class='ocr_par' dir='ltr' id='par_1_8' title="bbox 275 3099 482 3158">
     <span class='ocr_line' id='line_1_24' title="bbox 275 3099 482 3158; baseline -0.01 -11"><span class='ocrx_word' id='word_1_165' title='bbox 275 3099 391 3158; x_wconf 65' lang='lat' dir='ltr'>thoart,</span> <span class='ocrx_word' id='word_1_166' title='bbox 406 3099 443 3158; x_wconf 91' lang='lat' dir='ltr'>Il,</span> <span class='ocrx_word' id='word_1_167' title='bbox 458 3101 482 3146; x_wconf 78' lang='lat' dir='ltr'>t.</span> 
     </span>
    </p>

    <p class='ocr_par' dir='ltr' id='par_1_9' title="bbox 192 3182 1307 4054">
     <span class='ocr_line' id='line_1_25' title="bbox 275 3182 1304 3260; baseline -0.006 -23"><span class='ocrx_word' id='word_1_168' title='bbox 275 3185 350 3237; x_wconf 64' lang='lat' dir='ltr'>licia.</span> <span class='ocrx_word' id='word_1_169' title='bbox 370 3187 462 3249; x_wconf 88' lang='lat' dir='ltr'>Opera,</span> <span class='ocrx_word' id='word_1_170' title='bbox 483 3187 583 3249; x_wconf 88' lang='lat' dir='ltr'>passim.</span> <span class='ocrx_word' id='word_1_171' title='bbox 604 3212 638 3222; x_wconf 91' lang='lat'><em>-</em></span> <span class='ocrx_word' id='word_1_172' title='bbox 654 3187 795 3245; x_wconf 82' lang='lat' dir='ltr'>Plutarch,</span> <span class='ocrx_word' id='word_1_173' title='bbox 817 3185 869 3234; x_wconf 82' lang='lat' dir='ltr'>Vit.</span> <span class='ocrx_word' id='word_1_174' title='bbox 886 3186 963 3244; x_wconf 74' lang='lat' dir='ltr'>Luc,</span> <span class='ocrx_word' id='word_1_175' title='bbox 978 3200 1002 3247; x_wconf 92' lang='lat' dir='ltr'>p,</span> <span class='ocrx_word' id='word_1_176' title='bbox 1019 3182 1074 3260; x_wconf 76' lang='lat' dir='ltr'>5tt).</span> <span class='ocrx_word' id='word_1_177' title='bbox 1095 3211 1126 3221; x_wconf 96' lang='lat'><em>-</em></span> <span class='ocrx_word' id='word_1_178' title='bbox 1144 3187 1194 3236; x_wconf 83' lang='lat' dir='ltr'>Vit.</span> <span class='ocrx_word' id='word_1_179' title='bbox 1210 3187 1304 3245; x_wconf 81' lang='lat' dir='ltr'>Bruti,</span> 
     </span>
     <span class='ocr_line' id='line_1_26' title="bbox 241 3273 1306 3341; baseline 0 -16"><span class='ocrx_word' id='word_1_180' title='bbox 241 3292 265 3340; x_wconf 89' lang='lat' dir='ltr'>p.</span> <span class='ocrx_word' id='word_1_181' title='bbox 281 3280 337 3325; x_wconf 78' lang='lat' dir='ltr'>aaa.</span> <span class='ocrx_word' id='word_1_182' title='bbox 346 3294 380 3305; x_wconf 92' lang='lat'>·-</span> <span class='ocrx_word' id='word_1_183' title='bbox 392 3277 512 3341; x_wconf 83' lang='lat' dir='ltr'>August,</span> <span class='ocrx_word' id='word_1_184' title='bbox 528 3277 627 3326; x_wconf 86' lang='lat' dir='ltr'>Contra</span> <span class='ocrx_word' id='word_1_185' title='bbox 638 3274 734 3334; x_wconf 82' lang='lat' dir='ltr'>Acad,</span> <span class='ocrx_word' id='word_1_186' title='bbox 750 3277 784 3334; x_wconf 89' lang='lat' dir='ltr'>ll,</span> <span class='ocrx_word' id='word_1_187' title='bbox 799 3273 813 3339; x_wconf 98' lang='lat'>5</span> <span class='ocrx_word' id='word_1_188' title='bbox 827 3278 871 3335; x_wconf 83' lang='lat' dir='ltr'>t53</span> <span class='ocrx_word' id='word_1_189' title='bbox 887 3276 931 3334; x_wconf 89' lang='lat' dir='ltr'>lll,</span> <span class='ocrx_word' id='word_1_190' title='bbox 946 3273 960 3338; x_wconf 91' lang='lat'>5</span> <span class='ocrx_word' id='word_1_191' title='bbox 974 3275 1014 3324; x_wconf 83' lang='lat' dir='ltr'>to.</span> <span class='ocrx_word' id='word_1_192' title='bbox 1028 3294 1062 3305; x_wconf 89' lang='lat'><em>-</em></span> <span class='ocrx_word' id='word_1_193' title='bbox 1073 3278 1107 3325; x_wconf 79' lang='lat' dir='ltr'>lte</span> <span class='ocrx_word' id='word_1_194' title='bbox 1121 3278 1243 3336; x_wconf 88' lang='lat' dir='ltr'>Varrone,</span> <span class='ocrx_word' id='word_1_195' title='bbox 1259 3278 1306 3325; x_wconf 85' lang='lat' dir='ltr'>Lu-</span> 
     </span>
     <span class='ocr_line' id='line_1_27' title="bbox 242 3363 1305 3426; baseline -0.003 -11"><span class='ocrx_word' id='word_1_196' title='bbox 242 3367 319 3424; x_wconf 91' lang='lat' dir='ltr'>cuMo,</span> <span class='ocrx_word' id='word_1_197' title='bbox 338 3365 424 3414; x_wconf 84' lang='lat' dir='ltr'>Pisone</span> <span class='ocrx_word' id='word_1_198' title='bbox 443 3368 468 3414; x_wconf 89' lang='lat' dir='ltr'>et</span> <span class='ocrx_word' id='word_1_199' title='bbox 485 3366 573 3424; x_wconf 91' lang='lat' dir='ltr'>Bruto,</span> <span class='ocrx_word' id='word_1_200' title='bbox 592 3365 704 3413; x_wconf 89' lang='lat' dir='ltr'>Antiochi</span> <span class='ocrx_word' id='word_1_201' title='bbox 723 3367 748 3414; x_wconf 88' lang='lat' dir='ltr'>et</span> <span class='ocrx_word' id='word_1_202' title='bbox 765 3364 838 3412; x_wconf 88' lang='lat' dir='ltr'>Aristi</span> <span class='ocrx_word' id='word_1_203' title='bbox 857 3363 999 3426; x_wconf 88' lang='lat' dir='ltr'>discipulis,</span> <span class='ocrx_word' id='word_1_204' title='bbox 1021 3365 1177 3414; x_wconf 88' lang='lat' dir='ltr'>Academiam</span> <span class='ocrx_word' id='word_1_205' title='bbox 1197 3369 1305 3415; x_wconf 85' lang='lat' dir='ltr'>veterem</span> 
     </span>
     <span class='ocr_line' id='line_1_28' title="bbox 242 3454 775 3517; baseline -0.004 -14"><span class='ocrx_word' id='word_1_206' title='bbox 242 3469 360 3505; x_wconf 86' lang='lat' dir='ltr'>renovare</span> <span class='ocrx_word' id='word_1_207' title='bbox 375 3456 539 3513; x_wconf 87' lang='lat' dir='ltr'>tentantibus,</span> <span class='ocrx_word' id='word_1_208' title='bbox 555 3468 599 3502; x_wconf 92' lang='lat' dir='ltr'>suo</span> <span class='ocrx_word' id='word_1_209' title='bbox 612 3454 665 3503; x_wconf 92' lang='lat' dir='ltr'>loco</span> <span class='ocrx_word' id='word_1_210' title='bbox 678 3456 775 3517; x_wconf 82' lang='lat' dir='ltr'>agetur.</span> 
     </span>
     <span class='ocr_line' id='line_1_29' title="bbox 192 3539 1307 3613; baseline -0.001 -22"><span class='ocrx_word' id='word_1_211' title='bbox 192 3609 194 3613; x_wconf 16' lang='lat' dir='ltr'>v</span> <span class='ocrx_word' id='word_1_212' title='bbox 277 3543 289 3579; x_wconf 73' lang='lat'>‘⁴</span> <span class='ocrx_word' id='word_1_213' title='bbox 304 3544 363 3593; x_wconf 80' lang='lat' dir='ltr'>Vide</span> <span class='ocrx_word' id='word_1_214' title='bbox 381 3543 528 3593; x_wconf 83' lang='lat' dir='ltr'>Numenium</span> <span class='ocrx_word' id='word_1_215' title='bbox 549 3542 597 3591; x_wconf 83' lang='lat' dir='ltr'>side</span> <span class='ocrx_word' id='word_1_216' title='bbox 615 3556 664 3591; x_wconf 91' lang='lat' dir='ltr'>nou</span> <span class='ocrx_word' id='word_1_217' title='bbox 682 3541 860 3606; x_wconf 81' lang='lat' dir='ltr'>satis-dignum</span> <span class='ocrx_word' id='word_1_218' title='bbox 874 3539 923 3604; x_wconf 84' lang='lat' dir='ltr'>(ap.</span> <span class='ocrx_word' id='word_1_219' title='bbox 943 3544 1047 3602; x_wconf 80' lang='lat' dir='ltr'>Eusch,</span> <span class='ocrx_word' id='word_1_220' title='bbox 1067 3544 1152 3607; x_wconf 84' lang='lat' dir='ltr'>Proep.</span> <span class='ocrx_word' id='word_1_221' title='bbox 1173 3558 1227 3603; x_wconf 77' lang='lat' dir='ltr'>co,</span> <span class='ocrx_word' id='word_1_222' title='bbox 1247 3543 1307 3601; x_wconf 85' lang='lat' dir='ltr'>lllll,</span> 
     </span>
     <span class='ocr_line' id='line_1_30' title="bbox 242 3631 1306 3700; baseline -0.003 -15"><span class='ocrx_word' id='word_1_223' title='bbox 242 3651 264 3685; x_wconf 92' lang='lat' dir='ltr'>c.</span> <span class='ocrx_word' id='word_1_224' title='bbox 283 3635 322 3700; x_wconf 86' lang='grc'>9),</span> <span class='ocrx_word' id='word_1_225' title='bbox 337 3639 362 3685; x_wconf 87' lang='lat' dir='ltr'>et</span> <span class='ocrx_word' id='word_1_226' title='bbox 374 3636 537 3700; x_wconf 81' lang='lat' dir='ltr'>Augustinum</span> <span class='ocrx_word' id='word_1_227' title='bbox 550 3632 659 3697; x_wconf 80' lang='lat' dir='ltr'>(contra</span> <span class='ocrx_word' id='word_1_228' title='bbox 672 3632 768 3692; x_wconf 61' lang='lat' dir='ltr'>Acud„</span> <span class='ocrx_word' id='word_1_229' title='bbox 783 3634 829 3692; x_wconf 84' lang='grc' dir='ltr'>ΙΙΙ,</span> <span class='ocrx_word' id='word_1_230' title='bbox 843 3631 857 3697; x_wconf 98' lang='lat'>5</span> <span class='ocrx_word' id='word_1_231' title='bbox 871 3632 964 3698; x_wconf 85' lang='lat' dir='ltr'>tt).-·</span> <span class='ocrx_word' id='word_1_232' title='bbox 974 3636 1066 3684; x_wconf 90' lang='lat' dir='ltr'>Tullius</span> <span class='ocrx_word' id='word_1_233' title='bbox 1081 3650 1151 3695; x_wconf 85' lang='lat' dir='ltr'>vero,</span> <span class='ocrx_word' id='word_1_234' title='bbox 1166 3649 1306 3697; x_wconf 84' lang='lat' dir='ltr'>quanquam</span> 
     </span>
     <span class='ocr_line' id='line_1_31' title="bbox 242 3722 1307 3786; baseline -0.003 -12"><span class='ocrx_word' id='word_1_235' title='bbox 242 3728 272 3774; x_wconf 88' lang='lat' dir='ltr'>de</span> <span class='ocrx_word' id='word_1_236' title='bbox 284 3726 427 3774; x_wconf 86' lang='lat' dir='ltr'>Mnesarcho</span> <span class='ocrx_word' id='word_1_237' title='bbox 441 3726 506 3772; x_wconf 91' lang='lat' dir='ltr'>haud</span> <span class='ocrx_word' id='word_1_238' title='bbox 519 3723 595 3772; x_wconf 90' lang='lat' dir='ltr'>semel</span> <span class='ocrx_word' id='word_1_239' title='bbox 608 3722 757 3772; x_wconf 89' lang='lat' dir='ltr'>mentionem</span> <span class='ocrx_word' id='word_1_240' title='bbox 771 3723 856 3771; x_wconf 88' lang='lat' dir='ltr'>habuit</span> <span class='ocrx_word' id='word_1_241' title='bbox 870 3725 894 3771; x_wconf 90' lang='lat' dir='ltr'>ct</span> <span class='ocrx_word' id='word_1_242' title='bbox 907 3723 997 3786; x_wconf 83' lang='lat' dir='ltr'>saepius</span> <span class='ocrx_word' id='word_1_243' title='bbox 1010 3724 1156 3772; x_wconf 87' lang='lat' dir='ltr'>Antiochum</span> <span class='ocrx_word' id='word_1_244' title='bbox 1169 3738 1232 3785; x_wconf 89' lang='lat' dir='ltr'>pene</span> <span class='ocrx_word' id='word_1_245' title='bbox 1244 3724 1307 3772; x_wconf 89' lang='lat' dir='ltr'>Stoi-</span> 
     </span>
     <span class='ocr_line' id='line_1_32' title="bbox 242 3811 1307 3874; baseline -0.002 -12"><span class='ocrx_word' id='word_1_246' title='bbox 242 3827 298 3863; x_wconf 89' lang='lat' dir='ltr'>cum</span> <span class='ocrx_word' id='word_1_247' title='bbox 311 3827 366 3862; x_wconf 87' lang='lat' dir='ltr'>esse</span> <span class='ocrx_word' id='word_1_248' title='bbox 379 3813 452 3871; x_wconf 84' lang='lat' dir='ltr'>dixit,</span> <span class='ocrx_word' id='word_1_249' title='bbox 466 3825 588 3874; x_wconf 85' lang='lat' dir='ltr'>nusquam</span> <span class='ocrx_word' id='word_1_250' title='bbox 601 3814 683 3860; x_wconf 74' lang='lat' dir='ltr'>nmen</span> <span class='ocrx_word' id='word_1_251' title='bbox 697 3825 754 3860; x_wconf 87' lang='lat' dir='ltr'>eum</span> <span class='ocrx_word' id='word_1_252' title='bbox 767 3811 904 3860; x_wconf 86' lang='lat' dir='ltr'>Mnesarchi</span> <span class='ocrx_word' id='word_1_253' title='bbox 917 3812 1052 3860; x_wconf 89' lang='lat' dir='ltr'>auditorem</span> <span class='ocrx_word' id='word_1_254' title='bbox 1065 3811 1141 3860; x_wconf 84' lang='lat' dir='ltr'>tuisse</span> <span class='ocrx_word' id='word_1_255' title='bbox 1154 3811 1243 3871; x_wconf 81' lang='lat' dir='ltr'>relert3</span> <span class='ocrx_word' id='word_1_256' title='bbox 1258 3812 1307 3860; x_wconf 92' lang='lat' dir='ltr'>imo</span> 
     </span>
     <span class='ocr_line' id='line_1_33' title="bbox 241 3901 1307 3967; baseline -0.001 -16"><span class='ocrx_word' id='word_1_257' title='bbox 241 3903 266 3952; x_wconf 93' lang='lat' dir='ltr'>id</span> <span class='ocrx_word' id='word_1_258' title='bbox 279 3918 371 3967; x_wconf 78' lang='lat' dir='ltr'>negare</span> <span class='ocrx_word' id='word_1_259' title='bbox 383 3902 491 3961; x_wconf 89' lang='lat' dir='ltr'>videtur,</span> <span class='ocrx_word' id='word_1_260' title='bbox 510 3916 599 3964; x_wconf 89' lang='lat' dir='ltr'>quum,</span> <span class='ocrx_word' id='word_1_261' title='bbox 618 3901 807 3951; x_wconf 85' lang='lat' dir='ltr'>inconstantiam</span> <span class='ocrx_word' id='word_1_262' title='bbox 820 3902 931 3951; x_wconf 88' lang='lat' dir='ltr'>Antiochi</span> <span class='ocrx_word' id='word_1_263' title='bbox 944 3902 1085 3963; x_wconf 87' lang='lat' dir='ltr'>increpans,</span> <span class='ocrx_word' id='word_1_264' title='bbox 1100 3901 1188 3962; x_wconf 85' lang='lat' dir='ltr'>quaerit</span> <span class='ocrx_word' id='word_1_265' title='bbox 1200 3916 1244 3950; x_wconf 91' lang='lat' dir='ltr'>cur</span> <span class='ocrx_word' id='word_1_266' title='bbox 1258 3916 1307 3950; x_wconf 93' lang='lat' dir='ltr'>non</span> 
     </span>
     <span class='ocr_line' id='line_1_34' title="bbox 242 3989 1307 4054; baseline -0.002 -14"><span class='ocrx_word' id='word_1_267' title='bbox 242 3994 325 4054; x_wconf 88' lang='lat' dir='ltr'>aperte</span> <span class='ocrx_word' id='word_1_268' title='bbox 338 4006 352 4039; x_wconf 90' lang='lat' dir='ltr'>a</span> <span class='ocrx_word' id='word_1_269' title='bbox 366 3990 465 4039; x_wconf 91' lang='lat' dir='ltr'>Philone</span> <span class='ocrx_word' id='word_1_270' title='bbox 479 3989 622 4049; x_wconf 85' lang='lat' dir='ltr'>desciverit,</span> <span class='ocrx_word' id='word_1_271' title='bbox 637 3993 662 4039; x_wconf 91' lang='lat' dir='ltr'>et</span> <span class='ocrx_word' id='word_1_272' title='bbox 674 3990 811 4040; x_wconf 88' lang='lat' dir='ltr'>Mnesarchi</span> <span class='ocrx_word' id='word_1_273' title='bbox 824 3991 932 4039; x_wconf 90' lang='lat' dir='ltr'>scholam</span> <span class='ocrx_word' id='word_1_274' title='bbox 945 3990 1149 4050; x_wconf 69' lang='lat' dir='ltr'>frequentaverit,</span> <span class='ocrx_word' id='word_1_275' title='bbox 1164 3993 1189 4039; x_wconf 93' lang='lat' dir='ltr'>et</span> <span class='ocrx_word' id='word_1_276' title='bbox 1202 3993 1307 4040; x_wconf 89' lang='lat' dir='ltr'>testatur</span> 
     </span>
    </p>
   </div>
   <div class='ocr_carea' id='block_1_5' title="bbox 242 4078 1307 4231">
    <p class='ocr_par' dir='ltr' id='par_1_10' title="bbox 242 4078 1307 4231">
     <span class='ocr_line' id='line_1_35' title="bbox 242 4078 1307 4141; baseline -0.004 -12"><span class='ocrx_word' id='word_1_277' title='bbox 242 4096 299 4129; x_wconf 92' lang='lat' dir='ltr'>eum</span> <span class='ocrx_word' id='word_1_278' title='bbox 317 4095 366 4130; x_wconf 90' lang='lat' dir='ltr'>uon</span> <span class='ocrx_word' id='word_1_279' title='bbox 384 4094 397 4128; x_wconf 94' lang='lat' dir='ltr'>a</span> <span class='ocrx_word' id='word_1_280' title='bbox 416 4078 514 4128; x_wconf 89' lang='lat' dir='ltr'>Philone</span> <span class='ocrx_word' id='word_1_281' title='bbox 532 4079 687 4137; x_wconf 89' lang='lat' dir='ltr'>discessisse,</span> <span class='ocrx_word' id='word_1_282' title='bbox 706 4079 754 4128; x_wconf 92' lang='lat' dir='ltr'>nisi</span> <span class='ocrx_word' id='word_1_283' title='bbox 767 4082 926 4141; x_wconf 87' lang='lat' dir='ltr'>posteaquam</span> <span class='ocrx_word' id='word_1_284' title='bbox 940 4079 991 4139; x_wconf 89' lang='lat' dir='ltr'>ipse</span> <span class='ocrx_word' id='word_1_285' title='bbox 1005 4078 1078 4139; x_wconf 87' lang='lat' dir='ltr'>coepit</span> <span class='ocrx_word' id='word_1_286' title='bbox 1090 4079 1132 4138; x_wconf 91' lang='lat' dir='ltr'>qui</span> <span class='ocrx_word' id='word_1_287' title='bbox 1150 4094 1176 4128; x_wconf 89' lang='lat' dir='ltr'>se</span> <span class='ocrx_word' id='word_1_288' title='bbox 1193 4080 1307 4128; x_wconf 86' lang='lat' dir='ltr'>audirent</span> 
     </span>
     <span class='ocr_line' id='line_1_36' title="bbox 242 4165 572 4231; baseline -0.009 -13"><span class='ocrx_word' id='word_1_289' title='bbox 242 4170 332 4219; x_wconf 88' lang='lat' dir='ltr'>habere</span> <span class='ocrx_word' id='word_1_290' title='bbox 346 4166 428 4231; x_wconf 83' lang='lat' dir='ltr'>(Acud</span> <span class='ocrx_word' id='word_1_291' title='bbox 443 4204 450 4227; x_wconf 91' lang='lat'>,</span> <span class='ocrx_word' id='word_1_292' title='bbox 470 4169 505 4227; x_wconf 92' lang='lat' dir='ltr'>ll,</span> <span class='ocrx_word' id='word_1_293' title='bbox 522 4165 572 4230; x_wconf 71' lang='lat'>22).</span> 
     </span>
    </p>
   </div>
   <div class='ocr_carea' id='block_1_6' title="bbox 0 0 1495 4609">
    <p class='ocr_par' dir='ltr' id='par_1_11' title="bbox 0 0 1495 4609">
     <span class='ocr_line' id='line_1_37' title="bbox 0 0 1495 4609; baseline 0 0"><span class='ocrx_word' id='word_1_294' title='bbox 0 0 1495 4609; x_wconf 95' lang='lat' dir='ltr'> </span> 
     </span>
    </p>
   </div>
  </div>
 </body>
</html>
