2967 4609
691 201 738 273 69

192 348 346 420 serantur
361 346 403 419 ad
419 348 630 436 summam¹;
652 348 827 420 Zenonem
843 347 953 441 quum
969 347 1005 418 in
1032 347 1142 444 prima
1167 371 1251 421 con-

188 468 367 542 stitutione
390 491 409 540 a
429 478 552 541 natura
573 467 787 556 recessisset,
809 468 863 541 his
886 468 1071 564 propositis
1094 469 1250 543 tenuisse

190 588 456 684 consequentia,
477 588 598 662 sedita
621 588 722 678 salsa,
749 599 788 662 ut
804 588 878 678 illa,
897 612 916 662 e
933 589 1061 684 quibus
1078 591 1153 663 haec
1170 600 1250 663 nata

190 719 290 798 sunt,
308 732 386 782 vera
401 732 477 783 esse
493 733 563 782 non
578 710 745 805 possint2.

238 831 287 904 De
300 830 368 903 vita
382 840 500 903 autem
515 830 634 921 beata,
649 854 727 927 quae
742 855 783 904 ex
796 831 850 904 his
866 831 1048 929 principiis
1062 829 1251 927 consequa·

190 962 259 1040 tur,
273 950 431 1025 Ciceroni
447 974 529 1025 cum
545 951 718 1027 Antiocho
733 976 824 1049 saepe
838 963 872 1027 et
890 976 972 1026 cum
986 953 1101 1028 Aristo
1117 951 1251 1028 dissen-

190 1074 241 1146 sio
256 1074 387 1147 suerat:
404 1073 537 1147 «Nulla
549 1074 617 1148 vita
628 1131 636 1164 ,
649 1074 763 1148 aiebat
774 1074 910 1164 Cicero,
924 1075 1023 1148 beata
1037 1076 1103 1149 vita
1118 1076 1251 1150 beatior

189 1193 372 1289 excogitari
396 1203 526 1290 potest,
546 1217 611 1268 nec
631 1195 707 1268 fieri
729 1205 843 1292 potest
858 1205 898 1268 ut
916 1195 1026 1268 virtus
1046 1196 1183 1270 beatam
1202 1197 1251 1269 vi-

189 1324 262 1387 tam
283 1324 504 1410 assequatur,
528 1315 558 1387 si
583 1315 776 1411 quidquam
802 1325 926 1412 praeter
948 1316 1060 1411 ipsam
1081 1316 1164 1390 honi
1183 1328 1251 1408 est,

189 1444 224 1508 et
246 1435 384 1532 sapiens
404 1436 527 1509 beatus
549 1436 613 1525 sit,
634 1459 746 1532 quum
767 1447 818 1510 tot
831 1437 901 1511 sint
917 1447 952 1511 et
968 1438 1122 1535 corporis
1137 1448 1173 1511 et
1186 1440 1252 1514 ior-

190 1566 285 1629 tunae
312 1555 413 1629 mala.
442 1556 525 1630 Haec
549 1558 645 1630 enim
674 1581 776 1632 casus
797 1558 962 1654 importat
983 1558 1042 1652 qui
1056 1557 1097 1630 in
1114 1560 1252 1656 sapien-

191 1686 262 1749 tem
287 1686 399 1773 potest
427 1677 616 1752 incurrere.
643 1679 709 1763 Qui
734 1679 839 1775 igitur
858 1678 1094 1775 intelligemus
1117 1681 1252 1778 sapien-

191 1806 261 1870 tem
290 1820 427 1894 semper
457 1781 599 1872 bea'tum
627 1800 719 1889 fore,
744 1823 856 1895 quum
874 1800 926 1873 vel
949 1801 984 1872 in
1005 1801 1169 1875 omnibus
1196 1804 1251 1877 his

190 1919 290 1992 malis
311 1941 381 1991 uno
399 1929 555 2015 tempore
571 1943 646 1993 esse
664 1921 796 2017 possit?
812 1920 903 1994 Illud
920 1921 1015 1994 enim
1029 1923 1252 2011 vehementer

191 2050 360 2137 repugnat
382 2042 547 2115 eumdem
568 2052 603 2115 et
622 2042 765 2116 beatum
787 2066 862 2117 esse
880 2054 914 2117 et
932 2045 1054 2117 multis
1077 2044 1178 2118 malis
1193 2069 1253 2143 op-

191 2164 372 2264 pressum?
391 2162 614 2256 Constantius
634 2163 777 2260 quidem
797 2164 882 2238 hinc
902 2165 1161 2262 Theophrastus
1174 2167 1251 2261 qui,
1312 2201 1319 2208 ·

190 2306 300 2379 quum
321 2284 430 2357 multa
448 2294 573 2381 praeter
588 2286 752 2359 virtutem
771 2309 846 2359 esse
862 2286 952 2359 bona
973 2288 1167 2377 statuisset,
1180 2311 1250 2360 non
1342 2350 1347 2358 .

190 2413 243 2476 est
263 2427 369 2478 ausus
391 2404 478 2478 elate
497 2413 531 2478 et
547 2406 661 2501 ample
682 2405 778 2501 loqui
794 2429 872 2501 quae
886 2406 1067 2479 humiliter
1081 2407 1250 2481 demisse-

192 2547 259 2619 que
272 2526 433 2614 sentiret,
457 2526 540 2598 hinc
558 2526 648 2598 Zeno
665 2525 723 2598 ille
739 2525 799 2621 qui
820 2549 930 2620 quum
947 2526 1132 2622 magnifice
1150 2528 1255 2601 dixis-

190 2654 258 2735 set,
275 2646 341 2719 nisi
358 2647 452 2741 quod
470 2648 658 2720 honestum
675 2656 729 2720 est
746 2646 884 2719 nullum
900 2669 976 2720 esse
993 2647 1088 2721 aliud
1101 2643 1251 2737 bonum,

189 2765 339 2861 subjecit
355 2766 517 2840 virtutem
537 2767 581 2840 ad
604 2767 703 2841 beate
727 2754 913 2840 vivendum
934 2767 1046 2864 seipsa
1068 2790 1145 2842 esso
1171 2792 1252 2842 con-

191 2886 388 2958 oentam³.»
623 2971 626 2976 y
1188 2987 1190 2992 Α

191 3069 195 3074 .
240 3006 289 3078 lta
307 3006 392 3079 dum
407 3007 525 3082 Cicero
541 3032 619 3104 quae
634 3007 784 3082 maxime
798 3008 889 3082 inter
901 3032 938 3082 se
953 3010 1160 3099 cohaereant,
1173 3033 1251 3106 quae
1345 3038 1356 3062 ·

190 3126 327 3221 gravius
342 3137 376 3201 et
389 3128 511 3202 fortius
526 3129 687 3203 dicantur
700 3129 842 3224 quaerit,
859 3129 1102 3204 inconstantiae
1117 3131 1250 3204 crimen

190 3246 310 3344 objicit
328 3246 500 3322 Antiocho
521 3260 556 3323 et
573 3250 684 3323 Deum
699 3249 785 3323 dicit
797 3249 898 3322 illum
915 3250 982 3324 sihi
998 3251 1105 3324 videri
1121 3253 1179 3347 qui
1198 3253 1252 3324 ni-

191 3367 239 3439 hil
256 3377 396 3442 censeat
408 3369 527 3443 deesse
540 3370 675 3460 virtuti,
687 3370 962 3444 homuncionem
971 3372 1032 3467 qui
1044 3372 1154 3444 multa
1166 3395 1253 3468 prac-

191 3496 243 3561 ter
256 3489 419 3563 virtutem
432 3490 567 3565 homini
582 3491 708 3588 partim
727 3514 806 3566 cara
818 3515 910 3582 esse,
922 3492 1049 3589 partim
1064 3492 1166 3566 etiam
1185 3516 1250 3567 ne·

191 3610 370 3684 cessarint

226 3881 233 3916 ¹
251 3883 276 3930 G.
292 3885 331 3931 15.

224 3969 276 4018 '³C.
292 3973 331 4019 19.
390 4011 399 4026 .

223 4056 342 4119 Mose,
357 4062 389 4120 V,
404 4065 417 4109 8
432 4075 485 4123 sqq.
501 4087 531 4097 -
545 4060 641 4123 death,
657 4061 693 4122 11,
708 4066 748 4113 ta.
763 4079 796 4099 ···
808 4065 846 4115 Da
860 4065 938 4125 roa,
953 4064 981 4126 t,
996 4069 1026 4115 26
1041 4080 1094 4129 sqq.

223 4145 288 4197 tha
302 4148 380 4210 nto,
394 4150 426 4207 V,
441 4153 486 4208 27,
501 4153 541 4197 28.
556 4175 589 4186 -
604 4152 693 4210 Tusa,
707 4154 739 4230 V,
755 4157 783 4213 8,
798 4159 827 4212 9,
843 4156 882 4203 tt.
896 4176 929 4186 -
942 4155 1014 4204 Acori
1031 4192 1038 4214 ,
1054 4157 1087 4212 tt,
1104 4159 1143 4203 ta.
