2967 4609
686 241 709 313 5

167 390 257 478 mia,
283 373 371 486 qne
388 399 462 462 tum
492 388 680 462 Platonicae
708 388 925 486 disciplinae,
957 389 1120 463 subtilius
1149 414 1228 487 per-

166 520 304 607 spectae,
313 521 389 584 tum
397 510 593 610 Stoicorum
608 519 726 599 seem,
738 519 866 583 vocatae
880 511 1022 585 tandem
1035 512 1079 585 ad
1092 534 1230 608 pacem,

166 635 355 709 sententias
369 633 406 706 in
420 613 527 706 nsum
542 656 646 707 suum
661 635 844 707 verteret¹.
1151 647 1153 652 ’

214 754 395 839 Quomodo
411 755 608 851 quibusque
626 754 668 828 de
690 754 805 828 causis
829 755 1037 829 sententiam
1052 756 1138 830 adeo
1152 741 1230 830 mu·

165 877 287 951 taverit
299 877 492 951 Antiochus
509 877 604 949 haud
623 875 722 950 lacile
745 876 926 973 dispicieS,
946 900 1051 972 quem
1068 877 1227 952 Philonis

165 999 306 1096 vestigia
316 1008 415 1073 antea
425 1008 585 1072 secutum
598 1021 673 1073 esse
682 998 837 1094 undique
847 998 1048 1095 accipimus.
1064 999 1228 1096 Legimus

166 1121 310 1219 quidem
331 1122 424 1219 apud
447 1121 673 1220 Ciceronem:
692 1120 883 1205 «Quamvis
909 1120 1103 1195 Antiochus
1126 1122 1230 1196 luerit

168 1253 340 1332 cacutuS,
363 1252 403 1316 ut
419 1242 501 1333 luit,
526 1252 645 1317 tamen
665 1242 898 1317 inconstantia
920 1242 1054 1316 levatur
1073 1243 1229 1317 auctori-

169 1375 285 1453 ctas..,
307 1365 497 1460 Nunquam
514 1388 534 1439 a
553 1365 700 1438 Philone
720 1363 899 1452 discessit,
921 1363 988 1436 nisi
1003 1374 1229 1461 posteaquam

169 1486 272 1584 cipse
290 1487 410 1586 coepit,
425 1487 485 1583 qui
500 1510 536 1562 se
551 1485 732 1575 audirent,
748 1485 887 1560 habere.
914 1486 1015 1560 Unde
1030 1497 1147 1561 antem
1170 1510 1230 1560 su-

168 1608 269 1682 «bito
283 1619 379 1683 vetus
390 1608 576 1683 Academia
590 1619 746 1682 revocata
760 1609 832 1682 est‘l
846 1608 1006 1683 Nominis
1024 1607 1229 1705 dignitatem

169 1726 344 1819 evidetur,
358 1753 468 1826 quum
484 1753 503 1803 a
519 1754 555 1803 re
570 1728 644 1826 ipsa
658 1729 884 1820 descisceret,
898 1731 1046 1804 retinere
1057 1729 1207 1806 voluisse
1221 1756 1229 1803 :

169 1851 292 1947 «quod
314 1860 413 1925 erant
426 1850 486 1947 qui
508 1850 607 1924 illum
631 1851 748 1947 gloriae
763 1874 868 1924 causa
894 1851 1048 1925 lacerent
1070 1875 1230 1948 sperare,

169 1971 303 2044 <retiam
318 1972 405 2061 lore,
421 1982 460 2045 ut
474 1973 517 2061 ii,
544 1972 604 2067 qui
620 1995 656 2045 se
672 1980 913 2066 sequerentur,
936 1970 1111 2044 Antiochii
1133 1994 1231 2045 voca-

169 2103 322 2167 crentur
333 2096 382 2167 ἵ.»
408 2094 538 2167 Verum
560 2092 762 2167 meminisse
776 2102 912 2189 oportet
924 2093 999 2166 haec
1014 2091 1051 2164 in
1066 2091 1154 2166 libro
1172 2093 1232 2166 ad·

166 2238 286 2288 versus
300 2215 512 2289 Antiochum
527 2214 657 2311 scripto
674 2213 863 2304 contineri,
880 2214 942 2288 ubi
963 2214 1083 2288 Cicero
1102 2214 1232 2288 Acade-

168 2337 248 2411 miae
265 2361 361 2411 novae
382 2336 541 2411 defensor
555 2335 654 2433 quasi
669 2336 813 2410 alteram
827 2337 898 2409 Pro
910 2337 1017 2409 Domo
1029 2361 1092 2409 suu
1106 2336 1231 2410 oratio-

170 2481 250 2531 nem
265 2458 394 2532 habere
407 2457 582 2532 videretur
593 2460 617 2530 ³.
634 2458 733 2542 Quod
748 2457 892 2554 quidem
908 2456 936 2530 si
949 2457 1231 2530 animadversum

169 2578 304 2668 suisset,
317 2578 434 2675 gloriae
447 2578 716 2674 ambitionisque
729 2577 847 2651 minus
863 2577 1006 2651 sortasse
1018 2578 1144 2651 Noster
1158 2602 1232 2652 sus-

169 2710 290 2798 pectus
309 2701 396 2773 loret
410 2723 523 2795 neque
538 2699 569 2773 ei
584 2699 795 2792 Plutarchus
810 2709 845 2772 et
857 2698 1074 2796 Augustinus
1090 2700 1148 2772 illa
1164 2700 1233 2773 cri-

169 2821 263 2895 mina
280 2821 541 2895 intendissentl.
552 2821 669 2906 Quum
682 2831 812 2909 autem,
823 2819 948 2893 Nostro
961 2819 1071 2915 magis
1087 2820 1231 2917 propitia

171 2944 338 3033 reserem,
362 2944 455 3017 idem
470 2942 575 3015 tradit
587 2942 800 3014 Plutarchus
821 2940 1036 3015 Antiochum
1061 2940 1232 3014 evidentia

170 3064 284 3137 lorsan
304 3075 339 3137 et
360 3065 520 3138 sensibus
541 3063 672 3135 victum
698 3061 822 3152 luisse,
850 3061 985 3135 lucilius
1009 3070 1044 3135 et
1067 3061 1232 3136 libentius

169 3184 253 3258 huic
265 3185 466 3259 accedimus
484 3182 681 3272 sententiae3
699 3192 733 3256 et
746 3182 960 3256 Antiochum
986 3182 1127 3257 nonnisi
1141 3183 1233 3256 ueri·

168 3307 247 3380 tatis
261 3329 380 3380 amore
396 3317 430 3380 et
442 3287 692 3403 philosophicae
712 3305 879 3378 doctrinae
905 3305 1020 3378 studio
1035 3305 1231 3378 adductum

170 3429 276 3501 luisse
291 3438 361 3501 uta
377 3427 525 3501 Philone
542 3423 751 3515 discederet,
767 3448 1014 3499 asseveramus.

217 3550 292 3634 Quo
318 3560 435 3624 autem
463 3558 635 3646 tempore,
663 3547 845 3645 disciplina
867 3545 1022 3641 magistri
1044 3545 1159 3643 palam
1179 3572 1235 3621 rc-

202 3734 211 3770 ¹
228 3737 262 3785 lle
280 3738 367 3797 quarta
380 3736 405 3782 el
417 3734 502 3796 quinta
516 3734 660 3793 Academia,
674 3748 698 3781 v.
713 3735 779 3781 Sext.
796 3734 880 3795 Emp,
897 3732 966 3796 Hyp.
982 3728 1096 3797 Pyrrh,
1110 3734 1134 3792 l,
1149 3748 1171 3781 c.
1187 3738 1231 3792 33,

168 3823 182 3886 S
200 3828 256 3874 220.
276 3856 311 3867 -
327 3825 447 3882 Nomou,
461 3839 501 3886 ap.
523 3824 627 3882 Eusch,
648 3822 731 3885 Proep.
746 3836 798 3881 eo„
813 3821 873 3880 Xlll,
888 3836 910 3869 c.
926 3825 939 3869 l
954 3825 979 3869 el
992 3826 1015 3869 9,
1029 3839 1063 3850 ·-
1077 3823 1115 3870 rs.
1130 3824 1231 3878 Galea,

169 3913 207 3962 Dc
220 3910 282 3961 hist.
295 3910 380 3977 plait,
395 3927 417 3960 c.
433 3916 457 3960 ἓ.

202 3999 215 4036 '2
230 4001 327 4061 Acad,
342 4003 378 4061 ll,
393 4006 438 4062 223
453 4003 485 4051 cl.
502 4002 551 4060 in,
566 4015 588 4048 c.
606 4003 645 4049 19.
1130 4047 1133 4057 ‚

201 4090 214 4127 ’ὁ
229 4091 366 4150 Plutarch,
385 4091 436 4142 ru.
453 4091 505 4142 Luc
522 4127 529 4149 ,
544 4106 568 4153 p.
584 4093 640 4139 oto.
654 4121 686 4133 -
700 4090 819 4154 August,
839 4089 938 4140 Contra
950 4088 1023 4139 Accd
1039 4125 1046 4148 ,
1062 4090 1109 4159 tlt,
1122 4087 1136 4152 ᾖ
1151 4091 1190 4137 st.

202 4177 215 4215 4
230 4180 369 4238 Plutarch,
389 4180 430 4230 Vtt
444 4180 513 4238 cte,
527 4196 551 4242 p.
570 4182 625 4227 tos.
639 4203 673 4218 ι·-
686 4181 805 4242 August,
821 4179 919 4229 Contra
932 4175 1027 4235 Acud„
1043 4177 1079 4235 ll,
1094 4169 1108 4240 §
1123 4179 1162 4227 tt.
