2967 4609
745 194 794 266 56

239 338 333 413 enim
364 338 400 411 in
428 338 561 437 justitia
593 338 786 435 ceterisque
813 339 1000 412 virtutibus
1026 362 1110 413 cura
1140 340 1301 436 quaedam

240 459 337 554 quasi
359 460 449 534 foras
464 472 640 558 spectans,
655 459 812 556 aliosque
826 470 992 558 appetens
1007 470 1111 555 atque
1131 463 1302 559 complec-

240 590 328 670 tens,
343 579 390 654 ita
405 590 445 654 nt
457 581 644 671 amicitias,
658 581 951 679 propinquitates,
968 583 1120 679 parentis
1136 592 1170 656 et
1182 582 1302 679 patriae

240 704 425 782 cultumet
441 697 796 780 communicationem
811 705 1018 795 utilitatum,
1034 706 1127 801 quod
1142 705 1189 779 ita
1204 705 1302 802 iungi

240 827 353 902 officio
370 827 406 901 in
422 838 514 902 recte
528 828 626 902 saetis
643 837 711 918 est,
727 831 920 902 tueamur¹.

290 948 433 1022 «Virtus
448 958 584 1038 autem,
599 971 709 1044 quum
732 948 777 1022 sit
798 947 1100 1022 absolutissimum
1124 958 1230 1044 atque
1245 972 1304 1022 ex-

241 1067 530 1144 cellentissimum
553 1069 702 1158 bonum,
722 1068 810 1141 nihil
830 1068 897 1142 sihi
916 1070 1102 1166 praeponit;
1118 1069 1232 1158 utitur
1244 1093 1304 1143 au-

240 1198 311 1261 tem
333 1198 367 1264 et
383 1188 495 1288 seipsa
515 1199 550 1263 et
562 1199 703 1286 propter
719 1188 870 1286 seipsam
884 1189 1024 1278 ceteris,
1041 1199 1081 1262 ut
1091 1212 1240 1286 quaeque
1252 1191 1305 1263 in-

240 1319 293 1383 ter
321 1332 358 1385 se
383 1310 515 1408 majora
541 1320 646 1407 atque
672 1310 809 1385 minora
836 1321 942 1415 sunt,
959 1320 994 1384 et
1014 1310 1204 1408 saepissime
1227 1335 1306 1407 quae

241 1432 431 1528 expetenda
452 1432 672 1520 viderentur,
695 1441 836 1529 propter
858 1432 990 1529 majora
1010 1420 1064 1505 rel
1079 1431 1305 1528 adipiscenda
1418 1427 1425 1438 ’

240 1556 292 1630 vel
307 1557 472 1645 tenenda,
485 1556 687 1630 contemnit.
704 1557 822 1630 Prima
837 1565 987 1645 naturae,
1007 1555 1164 1652 corporis
1177 1579 1306 1653 nempe

241 1685 276 1752 et
301 1678 409 1751 animi
432 1679 541 1767 bona,
564 1702 642 1774 quae
664 1678 740 1753 sine
764 1678 823 1751 illa
842 1688 958 1766 erant,
980 1679 1040 1752 sed
1064 1688 1181 1752 tomen
1205 1690 1308 1751 erant

241 1800 381 1895 quando
403 1799 452 1873 cis
473 1799 631 1876 doctrina
643 1799 769 1885 ‚adhuc
791 1799 926 1887 deerat,
943 1799 1070 1897 accipit
1089 1809 1124 1873 et
1138 1799 1207 1872 illis
1225 1823 1307 1896 per-

241 1923 369 1997 fruitur
382 1933 416 1997 et
428 1922 635 2014 delectatum
647 1944 712 1996 neo
727 1922 847 1996 minus
859 1922 1016 1997 cernitur
1027 1946 1138 2018 quum
1151 1934 1307 2014 externa,

242 2067 319 2140 quae
334 2067 473 2118 summo
489 2044 581 2118 bono
599 2067 669 2117 non
689 2044 925 2133 continentur,
938 2044 999 2117 sed
1014 2045 1057 2117 ad
1075 2067 1179 2118 usum
1195 2068 1303 2126 snum

243 2174 325 2239 sunt
340 2165 480 2254 idonea,
495 2174 613 2238 tuetur
627 2164 786 2238 officiisi.

293 2285 387 2359 «Ubi
399 2308 478 2384 vero
490 2286 565 2383 ipsa
578 2289 649 2360 non
660 2295 727 2375 est,
741 2286 898 2382 quamvis
908 2286 1099 2360 multasint
1109 2288 1218 2378 bona,
1233 2311 1306 2361 non

162 2431 180 2440 ”
242 2408 334 2482 bono
348 2408 435 2505 'ejus
459 2416 557 2497 sunt,
578 2407 678 2504 cujus
698 2417 800 2480 sunt:
826 2430 866 2481 ao
885 2431 947 2504 per
962 2409 1030 2481 hoc
1048 2408 1122 2504 jam
1140 2431 1216 2482 esse
1241 2432 1307 2482 nec

243 2530 318 2626 ejus
333 2530 424 2604 bona
442 2529 589 2603 dicenda
606 2539 704 2619 sunt,
721 2529 778 2603 oui
793 2529 883 2604 male
897 2529 1009 2603 utenti
1026 2529 1124 2602 utilia
1141 2553 1216 2604 esse
1234 2553 1306 2604 non

242 2652 422 2747 possunt³.
511 2719 514 2722 ,
1057 2641 1063 2650 ’

294 2763 370 2846 ‹rEa
385 2772 566 2846 contraris
581 2782 634 2847 est
653 2772 790 2846 virtutis
815 2782 850 2847 et
863 2782 958 2846 tanta
978 2773 1167 2847 auctoritas
1183 2782 1224 2846 ut
1237 2772 1306 2846 vita

244 2916 322 2989 quae
342 2893 467 2967 virtute
491 2894 642 2973 fruituri
667 2895 767 2969 beata
794 2917 868 2968 esse
888 2893 1044 2984 dicatur;
1071 2893 1205 2968 beatior
1227 2894 1309 2990 qui-

281 3083 287 3115 ¹
304 3079 371 3140 Piso,
386 3095 408 3129 c.
423 3084 467 3139 23,
482 3084 522 3128 24.
536 3100 569 3111 -
581 3081 640 3130 Cum
659 3080 705 3129 isto
725 3078 847 3128 consentit
864 3079 940 3127 Varro
959 3092 999 3140 ap.
1018 3079 1098 3143 Aug„
1119 3079 1162 3140 qui
1181 3093 1308 3128 summum

243 3172 334 3224 bonum
347 3184 377 3218 cx
390 3169 464 3218 animi
481 3172 506 3218 et
518 3169 625 3232 corporis
637 3169 708 3218 bonis
721 3171 834 3217 constare
847 3168 919 3227 dicit,
938 3156 991 3218 h'oec
1009 3171 1091 3217 autem
1106 3174 1208 3227 externa
1222 3170 1253 3216 ad
1268 3183 1310 3216 so-

243 3259 330 3308 cialem
343 3259 457 3308 virtutem
474 3260 557 3307 rciert.
570 3283 604 3295 -
616 3259 691 3307 Varro
705 3259 730 3306 in
745 3256 816 3306 Acad
833 3259 880 3316 ,1,
902 3260 916 3305 5
932 3260 957 3306 ct
975 3261 1003 3315 6,
1018 3257 1165 3319 tripartitam
1185 3258 1310 3307 bonorum

245 3348 363 3396 rationem
376 3347 534 3410 Peripatetico
547 3361 615 3396 more
627 3347 733 3405 inducit;
753 3362 829 3409 quum
844 3349 926 3395 autem
943 3360 1066 3395 summum
1080 3346 1171 3394 bonum
1184 3359 1215 3393 ex
1228 3345 1304 3393 animi

245 3440 270 3486 et
288 3436 395 3500 corporis
414 3439 438 3484 et
457 3436 512 3485 vitae
533 3436 603 3484 bonis
624 3437 771 3485 constituere
790 3436 914 3494 videatur,
935 3437 988 3484 haec
1003 3438 1086 3484 tamen
1105 3434 1164 3483 dicit
1183 3433 1257 3482 tertia
1277 3436 1309 3481 ad

246 3524 341 3576 virtutis
357 3540 430 3575 usum
445 3527 541 3583 ualere,
558 3528 583 3573 et
601 3526 679 3574 beatae
697 3526 755 3575 vitoe
771 3525 885 3585 adiuncta
903 3538 958 3573 csso
970 3526 1002 3572 ad
1018 3538 1143 3572 summurn
1158 3526 1182 3572 et
1196 3525 1310 3573 naturale

245 3615 337 3663 bonum
349 3617 392 3662 aut
404 3614 575 3677 adaugendum
588 3617 630 3663 aut
642 3615 770 3686 tuendum.

280 3703 293 3740 2
306 3705 381 3753 Varro
394 3718 433 3767 ap.
449 3704 510 3768 Aug.
521 3730 552 3739 -
566 3705 612 3762 let,
627 3702 721 3761 Accii„
737 3704 763 3761 1,
778 3706 806 3761 ὅ,
820 3705 844 3750 6.
860 3728 893 3737 -
906 3702 973 3761 Piso,
984 3717 1010 3750 c.
1025 3704 1070 3761 16,
1085 3706 1116 3750 23
1130 3706 1155 3750 et
1168 3706 1208 3751 24.

281 3790 295 3830 3
308 3794 382 3841 Varro
396 3807 435 3855 ap.
450 3793 512 3857 Aug.
1085 3773 1096 3802 ⁶

280 3877 295 3918 4
308 3883 383 3931 Varro
396 3881 493 3944 qrridem
502 3879 551 3945 (ap.
563 3880 638 3946 Aug.)
646 3877 728 3931 virtuti
742 3882 855 3943 quaedam
868 3880 944 3929 animi
956 3884 981 3930 et
993 3879 1102 3942 corporis
1114 3881 1178 3929 bona
1188 3878 1311 3943 adjungit,

249 3973 377 4032 attritam,
393 3972 551 4031 memoriam,
565 3972 699 4031 rationem,
714 3973 767 4021 sine
780 3972 868 4034 quibus
889 3986 937 4020 non
956 3973 1036 4034 potest
1051 3972 1168 4019 essentia
1182 3970 1310 4028 doctrina,

250 4078 279 4112 ao
291 4078 334 4126 per
350 4064 397 4111 hoc
409 4076 454 4110 nec
473 4062 566 4121 virtus,
586 4076 641 4123 quac
658 4062 744 4123 utique
757 4061 867 4110 discitur.
881 4081 915 4091 -
927 4060 962 4109 (ii.
982 4061 1066 4119 Varr,
1083 4058 1179 4118 Acori„
1194 4060 1221 4117 l,
1240 4062 1264 4106 5.
1280 4084 1313 4095 -

252 4152 291 4201 cic
308 4189 315 4211 ‚
331 4150 401 4201 Acad
418 4188 425 4210 ‚
440 4151 477 4210 ΙΙ,
493 4154 532 4199 43,
