2967 4609
692 664 735 737 ll.

416 840 476 924 uu
500 840 738 926 uotlltlut
763 842 1010 928 tullucut.

632 1083 792 1095 --——=

602 1319 838 1376 PROOEMIUM.
926 1314 929 1320 ’

277 1469 343 1552 Qut
356 1479 512 1544 auctores
525 1468 569 1543 do
582 1469 748 1544 Antiochi
765 1469 926 1544 doctrino
940 1469 1153 1569 scripserint.
1191 1527 1194 1532 »

233 1683 443 1782 Priusquam
467 1686 666 1762 testimonia
691 1712 770 1784 quae
798 1697 990 1785 supersunt
1014 1687 1057 1761 de
1082 1683 1248 1760 Antiochi
1336 1671 1340 1678 ’

186 1803 342 1878 doctrina
356 1803 393 1878 in
408 1806 566 1882 ordinem
581 1808 738 1904 redigere
752 1819 788 1884 et
800 1808 1020 1907 interpretari
1035 1807 1248 1904 incipiamus

185 1925 280 1999 etita
295 1926 556 2025 philosophiam
569 1931 646 2027 ejus
659 1930 861 2027 explanare,
881 1929 1050 2005 nonnulla
1065 1928 1109 2003 de
1125 1937 1249 2002 aucto·

188 2045 285 2119 ribus
311 2046 371 2146 qui
400 2049 475 2123 haec
502 2050 604 2126 uobis
633 2050 832 2125 testimonia
861 2050 1081 2125 tradiderunt
1112 2048 1248 2147 praelari

188 2189 328 2243 necesse
346 2179 421 2243 est:
438 2170 529 2258 inter
542 2194 630 2268 quos
645 2172 782 2270 primus
801 2196 885 2247 sane
903 2172 1049 2263 eminet,
1071 2180 1106 2246 et
1118 2170 1265 2268 graviss
1287 2234 1291 2241 .

186 2288 296 2364 simus
310 2301 346 2365 et
363 2291 623 2388 copiosissimus
642 2293 779 2367 Tullius
793 2293 931 2385 Cicero;
951 2294 1080 2390 quippe
1095 2292 1156 2389 qui
1175 2292 1248 2366 An·

185 2410 343 2486 tiochum
362 2422 397 2488 et
415 2412 571 2489 Aristum
591 2413 797 2505 audivisset,
821 2438 944 2489 eorum
960 2414 1193 2488 familiaritate
1214 2424 1250 2488 et

185 2533 335 2631 hospitio
355 2560 441 2610 usus
461 2546 570 2626 esset,
590 2536 754 2611 Antiochi
776 2536 883 2611 libros
906 2535 1050 2611 haberet
1070 2535 1107 2608 in
1130 2536 1247 2609 maui-

185 2774 342 2851 tiochum
356 2777 423 2874 ipsi
438 2779 755 2874 frequentaverant,
769 2790 861 2854 esset
874 2779 1053 2876 legendus.

232 2898 310 2972 Duo
326 2909 444 2972 autem
459 2897 559 2972 uobis
579 2909 771 2973 occurrunt
788 2899 825 2972 iu
839 2899 944 2974 Tullii
964 2900 1127 2997 operibus
1145 2899 1246 2975 testi·

185 3018 385 3093 modiorum
406 3042 544 3116 genera.
570 3018 673 3093 Nunc
695 3018 831 3094 Tullius
854 3020 928 3117 ipse
950 3021 1061 3119 ipsius
1082 3021 1246 3095 Antiochi

68 3149 72 3157 “
185 3140 374 3214 sententias
389 3142 517 3215 referre
531 3163 568 3215 se
579 3141 775 3237 profitetur,
789 3151 884 3216 muta
897 3142 1030 3218 scilicet
1043 3142 1247 3218 auctoritate

185 3271 225 3335 ut
246 3261 316 3336 lere
330 3262 442 3359 major
456 3260 646 3335 desiderari
666 3273 834 3358 nequeat3
855 3286 952 3337 nunc
971 3263 1163 3339 Varronem
1180 3245 1248 3338 'aut

185 3382 374 3457 Lucullum
386 3392 448 3456 aut
460 3382 625 3457 Pisonem
640 3382 795 3473 inducit,
809 3407 880 3458 non
893 3384 1089 3458 doctrinam
1104 3385 1246 3481 quidem

185 3503 346 3580 Antiochi
360 3505 470 3603 ipsius
484 3516 711 3602 exponentes,
725 3507 804 3596 sed,
819 3517 960 3582 auctore
974 3506 1164 3596 Antiocho,
1183 3530 1247 3580 au-

186 3624 319 3721 tiquam
341 3625 438 3699 illam
460 3625 718 3723 philosophiam
740 3651 847 3724 quam
868 3652 951 3703 eum
965 3638 1125 3703 secutum
1139 3627 1246 3702 luisse

185 3757 403 3843 compertum
418 3747 601 3822 habemus.

123 3849 128 3860 ⁸
232 3874 286 3948 Ad
295 3875 503 3965 Varronem,
519 3885 559 3949 ut
568 3876 642 3973 jam
657 3877 827 3967 diximus,
844 3873 1061 3971 Ἀντιοχείαν
1074 3879 1245 3953 rationem

185 3998 222 4071 iu
237 3998 455 4073 Academicis
463 3999 711 4098 posterioribus
725 4000 846 4074 Cicero
863 4001 1109 4075 transtulerat:
1130 4002 1246 4097 itaque

185 4119 336 4210 Atticus,
355 4144 466 4216 quum
486 4120 654 4195 disserere
668 4121 777 4195 Varro
796 4121 939 4219 incipit:
962 4122 1078 4207 «Quid
1097 4133 1167 4213 est,
1182 4122 1245 4210 ait,
