2967 4609
749 188 795 261 [οῦ

244 337 374 412 adehet
386 334 495 409 instar
509 334 598 409 lucis
610 345 645 407 et
658 334 808 434 seipsam
825 334 1008 408 ostendere
1023 345 1058 410 et
1069 329 1224 412 indicare
1239 337 1304 411 evi-

244 461 356 533 udens
371 459 458 532 illud
474 458 568 555 quod
583 480 661 532 eam
675 457 848 540 effecitln

289 581 386 654 Idem
399 603 481 654 cum
494 578 620 654 Stoicis
635 582 727 655 hanc
741 603 817 655 esse
830 578 900 653 vim
916 573 1024 653 animi
1039 573 1235 656 affirmabat
1247 593 1303 672 ut,

241 701 322 775 visis
349 700 559 791 assentiens,
585 700 797 797 perciperet,
823 702 1157 798 comprehenderet:
1187 702 1227 775 ln
1252 728 1307 778 se-

242 823 357 897 cundo
370 822 476 918 igitur
489 817 742 897 echonomum
754 845 901 896 suorum
918 822 1007 896 libro
1020 823 1228 897 sententiam
1242 826 1308 898 im·

241 944 411 1040 probabat
425 943 640 1041 Asclepiadis
655 945 800 1033 medici,
819 945 881 1041 qui
896 925 1039 1041 quidem
1053 967 1164 1040 quum
1181 969 1307 1022 sensus

179 1138 182 1142 .
240 1094 356 1144 revera
382 1096 500 1146 rerum
527 1073 601 1147 esse
625 1073 936 1170 apprehensiones,
964 1073 1068 1146 etita
1095 1068 1306 1171 ἀντιλήψεις

178 1211 181 1218 ’
241 1200 329 1273 nihil
347 1202 442 1276 aliud
465 1226 572 1300 quam
591 1202 683 1300 ipsas
701 1197 897 1299 αἰσθήσεις
913 1225 988 1277 esse
1003 1203 1151 1291 diceret,
1170 1201 1306 1276 ratione

240 1321 328 1396 nihil
344 1324 487 1398 omnino
503 1324 752 1420 comprehendi
767 1324 1015 1399 asseverabat&
1298 1417 1312 1434 ρ

289 1443 514 1519 Dialecticam
528 1445 599 1519 veri
614 1456 649 1519 et
662 1445 737 1518 ialsi
754 1444 855 1540 quasi
870 1444 1150 1541 disceptatricem
1166 1453 1201 1517 et
1210 1443 1308 1540 judi-

241 1588 318 1639 cem
335 1585 530 1663 usurpans,
552 1591 634 1645 cum
649 1567 774 1641 Stoicis
790 1591 894 1644 omne
913 1567 1007 1662 quod
1027 1566 1074 1639 ita
1089 1565 1307 1663 disjunctum

240 1697 294 1760 est
310 1689 410 1783 quasi
432 1690 637 1764 «autetiam
655 1699 716 1764 aut
735 1713 833 1763 non»
858 1686 930 1764 nun
947 1690 1052 1764 modo
1073 1711 1195 1764 verum
1213 1711 1307 1776 esse,

241 1809 426 1884 sedetiam
448 1810 687 1885 necessarium
708 1812 883 1885 censebat.
910 1810 946 1884 Si
966 1810 1099 1885 enimc
1121 1808 1306 1888 contrariis

242 1930 445 2029 disjunctio,
464 1956 575 2030 quum
595 1933 746 2007 alterurn
761 1932 825 2022 ait,
846 1932 995 2007 alterum
1010 1916 1114 2027 neg'at
1130 1934 1204 2028 (aut
1218 1930 1307 2003 vivet

242 2075 318 2125 cras
336 2053 554 2128 Hermachus
572 2064 721 2128 autnon
738 2053 855 2148 vivet),
875 2052 999 2128 situlis
1019 2052 1206 2149 disjunctio
1221 2051 1305 2126 salsa

242 2165 460 2267 potestesse,
476 2173 572 2247 nulla
587 2196 666 2249 vera
681 2177 766 2248 esth

276 2438 283 2474 ¹
300 2438 367 2488 Sext.
382 2427 922 2503 Emp.,Ado.'Matlc.,llll‚§162‚exed.
937 2438 1020 2498 rann,
1036 2452 1059 2500 p.
1075 2440 1131 2512 lot.
1147 2428 1306 2490 Φαντασίαν

242 2524 415 2614 ῥητέονεῖναι
429 2533 511 2603 πάθος
522 2549 551 2594 ’τι
565 2535 627 2615 περὶ
644 2533 676 2594 cl
692 2537 773 2608 ζῶον,
791 2538 915 2594 ἑαυτοῦτε
929 2532 976 2593 καὶ
995 2539 1041 2594 τοῦ
1056 2532 1144 2614 ἐτέρου
1164 2554 1306 2615 παραστα·

241 2636 313 2696 τικόν
325 2659 332 2673 ·
345 2628 398 2696 οἷον
411 2638 627 2718 προσβλέψαντές
640 2661 703 2711 τινι,
720 2638 799 2718 φησὶν
812 2641 826 2696 δ
842 2637 989 2719 Ἀντίοχος,
1006 2636 1174 2714 διατιθέμεθιί
1187 2659 1244 2704 πως
1257 2633 1307 2708 τὴν
1364 2627 1371 2636 ’

241 2743 301 2823 ὄψιν
316 2766 324 2782 ·
338 2743 384 2802 καὶ
397 2747 446 2826 οὔχ
460 2744 541 2811 οὕτως
561 2743 644 2818 αὐτὴν
662 2744 831 2822 διακειμένην
852 2740 980 2825 ἴσχομεν,
1001 2745 1037 2807 ὣς
1058 2741 1120 2819 πρὶν
1142 2746 1187 2800 τοῦ
1209 2738 1307 2819 βλέψαι
1330 2803 1333 2808 ,

242 2846 410 2924 διακειμένην
428 2847 545 2928 εἴχομεν.
567 2847 643 2909 Κατὰ
666 2848 757 2926 μέντοι
772 2847 821 2921 τὴν
836 2845 961 2926 τοιαύτην
983 2844 1125 2904 ἀλλοίωσιν
1146 2846 1216 2903 δυοῖν
1235 2845 1306 2901 ἀντι·

185 2956 187 2960 '
231 2951 446 3029 4λαμβανόμεθα·
462 2952 519 3021 ἑνὸς
531 2952 579 3030 μδν
595 2956 675 3024 αὐτῆς
692 2957 739 3025 τῆς
755 2949 936 3023 ἀλλοιώσεως,
952 2948 1058 3017 τουτέςι
1074 2951 1122 3032 τῆς
1141 2947 1306 3026 φαντασίας·

42 3105 45 3118 ,
159 3097 160 3100 =
241 3056 362 3135 δευτέρου
384 3057 411 3117 δὲ
425 3064 471 3118 τοῦ
486 3059 533 3130 τὴν
549 3053 689 3119 αλλοίιοσιν
708 3055 920 3135 ἐμποιήσαντος,
936 3054 1054 3116 τουτέστι
1069 3061 1115 3114 τοῦ
1131 3060 1237 3136 ὁρατοῦ.
1254 3054 1307 3117 Καὶ

242 3157 286 3219 inl
300 3162 352 3219 τῶν
364 3162 452 3222 ἄλλων
465 3161 612 3234 αἰσθήσεων
628 3161 659 3222 τδ
677 3160 877 3241 παραπλήσιον,
893 3158 985 3239 ὥσπερ
1000 3149 1044 3219 οῦν
1065 3159 1095 3218 τδ
1110 3164 1165 3238 φῶς
1179 3159 1261 3219 ἑαυτό
1277 3181 1306 3216 τε

242 3264 373 3339 δείκνυσι,
393 3264 439 3324 καὶ
451 3263 538 3324 πάντα
551 3264 584 3325 τὰ
595 3269 621 3325 ἐν
636 3267 709 3346 αὐτῷ
720 3288 726 3302 ·
737 3265 807 3326 οὕτω
821 3262 867 3323 καὶ
882 3268 899 3336 ἡ
911 3262 1042 3344 ραντασία
1054 3260 1171 3344 ἀρχηγὸς
1183 3252 1248 3322 οῧσα
1259 3265 1308 3335 τῆς

241 3368 302 3447 περὶ
316 3367 345 3427 τδ
359 3370 425 3436 ζῶον
439 3367 573 3442 εἶδήσεως,
590 3369 676 3448 τρωτὸς
687 3368 764 3440 δίκην
779 3368 905 3440 ἑαυτήντε
914 3366 1063 3448 ἐμφανίζειν
1076 3367 1185 3446 ὀφείλει,
1201 3367 1253 3449 καὶ,
1261 3371 1306 3425 τοῦ

241 3474 400 3546 ποιήσαντος
422 3473 505 3547 αὐτὴν
526 3476 650 3554 ἐναργοῦς
671 3473 819 3547 ἐνδεικτικὴ
841 3478 1012 3532 καθεστῦναι.
1029 3482 1064 3529 Cl.
1080 3479 1176 3540 scau,
1191 3482 1216 3539 l,
1231 3482 1308 3531 11-

221 3632 224 3639 ¹
242 3578 298 3628 llaec
310 3594 359 3628 una
373 3584 411 3628 est
423 3580 535 3629 hntiochi
548 3580 669 3629 sententia
682 3582 712 3629 de
724 3594 773 3642 qua
787 3579 842 3628 silet
855 3579 979 3626 Lucullus.

275 3674 819 3741 2Sext..nmp.,adv.Math.,vl1,§aor
836 3691 842 3724 z
869 3666 916 3733 τὰς
960 3665 986 3725 ὲν
1005 3664 1139 3738 αἰσθήσεις
1158 3665 1239 3733 ὅντως
1261 3662 1308 3726 καὶ

241 3772 346 3842 οιληθῶς
358 3770 509 3860 ἀντιληψεις
525 3760 610 3830 εῖναι
626 3770 696 3851 λόγῳ
711 3769 774 3829 δὲ’
754 3772 808 3852 μηδ
794 3769 836 3830 th
850 3770 917 3837 ὅλοις
930 3690 1002 3846 itud<
1016 3769 1245 3847 καταλαμβάνειν.

274 3872 393 3933 Μυσοὶ,
415 3877 459 3935 ll,
474 3880 569 3924 30.-
591 3876 705 3924 Lucullus
724 3875 902 3937 inexplicabilia
926 3878 951 3924 et
970 3874 1078 3936 captiosa
1099 3873 1178 3935 excipi
1199 3875 1335 3935 pustulat

242 3962 343 4027 (noant,
355 3965 389 4023 ll,
404 3968 434 4013 κθ
448 3968 473 4013 et
486 3963 667 4028 30).V1dcquoe
680 3966 710 4012 de
723 3965 923 4013 Academicorum
936 3963 1018 4012 soritis
1031 3963 1155 4021 dicuntur,
1166 3963 1211 4020 ih„
1225 3977 1248 4010 c.
1264 3966 1305 4020 lc,

242 4062 286 4118 28,
302 4063 346 4118 29,
363 4064 404 4108 33:
417 4059 608 4116 -hntiochus‚
623 4061 650 4107 ut
669 4043 778 4116 videtur,
798 4060 944 4119 sequebatur
959 4058 1086 4121 Chrysippi
1099 4051 1129 4110 τδ
1148 4051 1304 4129 ἡσυχάζειν.

228 4154 337 4214 houd,
352 4156 387 4214 ll,
403 4160 443 4203 29.
458 4172 491 4185 -·
503 4156 569 4203 Sext.
586 4156 669 4216 Emp,
686 4153 751 4202 Ado.
767 4153 868 4212 arath,
884 4155 939 4213 Vll,
954 4152 968 4218 ᾗ
982 4157 1037 4202 tic.
