2967 4609
744 196 791 268 28

283 339 320 414 Si
327 339 491 414 Varronis
503 362 607 438 opera
620 361 691 413 non
701 338 994 429 desiderarentur,
1011 338 1122 414 multa
1135 340 1302 416 offerrent

234 460 397 535 Antiochi
423 460 726 560 sententiasmire
753 460 974 536 illustrantia.
999 461 1099 535 Unus
1122 469 1239 535 tamen
1259 485 1300 535 ex

234 580 323 656 libro
339 583 390 656 De
405 582 633 681 Philosophia
655 581 753 657 locus
768 591 946 679 superest,
973 605 1079 678 quem
1104 581 1206 657 nobis
1227 580 1300 655 Au-

234 705 395 801 gustinus
415 705 569 781 servavit.
587 705 695 779 Varro
710 704 759 778 ibi
772 703 896 780 veteris
909 704 1107 779 Academiae
1127 705 1170 779 de
1192 704 1302 778 mori·

234 824 301 900 hus
316 827 472 915 decreta,
485 826 657 901 Antiocho
670 836 832 916 auctore,
847 826 1025 923 exponit¹z
1042 827 1143 923 cujus
1156 825 1300 921 quidem

231 948 336 1021 verba
350 970 432 1022 cum
448 947 607 1021 Tulliana
619 946 774 1022 oratione
789 946 873 1021 hinc
887 947 1053 1022 Varronis
1066 948 1104 1020 in
1119 946 1302 1021 Academi-

233 1069 301 1157 cis,
316 1068 400 1141 hino
412 1067 549 1142 Pisonis
563 1067 600 1141 in
613 1067 735 1163 quinto
747 1068 799 1141 De
808 1066 951 1143 Finibus
962 1068 1051 1142 lihro
1065 1067 1301 1164 comparanda

235 1199 329 1263 sunt.
668 1203 674 1212 ’

177 1335 182 1344 ·
282 1312 494 1387 Plutarchus
508 1312 546 1386 in
557 1311 624 1386 vita
639 1311 816 1387 Ciceronis
835 1322 871 1387 et
882 1311 983 1386 Bruti
997 1323 1033 1388 et
1052 1312 1211 1403 Luculli,
1225 1312 1301 1386 An-

234 1432 342 1507 tiochi
361 1433 569 1508 sententiam
587 1432 791 1508 summatim
810 1433 1032 1524 describens,
1054 1444 1201 1509 testatur
1216 1457 1303 1509 eum

233 1552 277 1628 ah
300 1553 487 1629 Academia
512 1554 704 1629 recentiore
726 1564 761 1629 et
782 1578 801 1628 a
826 1553 974 1629 Philone
995 1554 1179 1629 descivisse
1200 1564 1235 1628 et
1257 1555 1302 1628 ad

232 1672 457 1749 Academiam
470 1684 621 1750 veterem
634 1684 670 1749 et
686 1675 730 1748 ad
745 1675 879 1749 Stoicos
892 1674 1069 1750 transisse.

282 1797 500 1887 NumeniuS‚
515 1797 558 1871 ab
571 1796 722 1871 Eusebio
736 1797 862 1871 citatus
873 1799 900 1886 ²,
916 1820 955 1871 ea
971 1819 1049 1892 quae
1066 1797 1109 1871 ab
1126 1796 1300 1871 Antiocho

235 1930 357 1994 novata
372 1929 474 2010 sunt,
489 1943 598 2016 quum
615 1919 775 2015 quintam
789 1918 1014 1993 Academiam
1035 1918 1209 2009 condidit,
1230 1943 1305 1994 me·

235 2052 365 2131 morat,
385 2042 524 2134 brevius
544 2051 662 2116 tamen
677 2064 784 2138 quam
803 2051 844 2115 ut
862 2041 1029 2116 doctrinar
1045 2041 1199 2115 multum
1213 2041 1301 2115 lucis

234 2162 382 2260 adjiciat.
414 2162 571 2236 Tradidit
591 2163 714 2252 etiam,
738 2163 800 2237 sed
824 2162 860 2234 in
881 2162 939 2236 illa
962 2186 1000 2236 re
1024 2186 1095 2236 non
1118 2162 1186 2237 fide
1217 2162 1301 2237 satis

234 2283 381 2381 dignus,
395 2284 608 2359 Antiochum
622 2285 821 2359 Mnesarchi
836 2285 943 2359 Stoici
956 2283 1170 2380 discipulum
1182 2284 1299 2357 luisse.

280 2407 451 2481 Praeterea
470 2407 563 2503 apud
585 2408 726 2481 Sextum
741 2405 961 2503 Empiricum
986 2405 1155 2480 docemur
1179 2404 1303 2490 Antio-

235 2529 343 2603 chum
363 2528 398 2600 in
419 2528 643 2604 Academiam
660 2527 794 2602 Stoicas
821 2527 1002 2624 opiniones
1022 2526 1253 2601 introduxisse
1268 2536 1303 2601 et
1337 2523 1340 2529 ’

236 2652 283 2724 ita
297 2651 452 2724 Platonis
463 2650 658 2724 doctrinam
669 2649 936 2745 interpretatum
948 2672 1024 2722 esse
1035 2658 1075 2721 ut
1086 2672 1174 2745 pene
1187 2648 1302 2722 Stoica

235 2770 445 2845 videretur³.
469 2771 543 2844 lmo
557 2769 720 2843 Antiochi
741 2770 812 2843 duo
832 2770 907 2844 loca
931 2770 974 2845 de
999 2769 1180 2844 dialectiea
1199 2769 1302 2843 nohis

236 2898 435 2990 transtulit,
454 2923 606 2996 qirorum
625 2922 739 2973 unum
754 2922 773 2972 e
788 2899 942 2975 secundo
959 2898 1126 2998 περὶτῶν
1145 2898 1301 2969 Korom-

237 3033 306 3101 κῶν
321 3029 410 3103 libro
429 3031 679 3125 excerpserat&
1159 3121 1184 3130 ..

285 3151 483 3240 Postremo,
508 3148 726 3246 Augustinus
750 3149 787 3221 in
813 3147 911 3222 libris
935 3147 1064 3221 Contra
1078 3146 1303 3221 Academicos

202 3297 206 3302 ·
237 3272 280 3345 de
294 3271 466 3346 Antiocho
481 3269 696 3345 mentionem
710 3270 808 3360 lacit,
822 3267 1255 3368 Ciceronemhutvidetur,
1268 3275 1304 3340 et

236 3392 445 3483 Varronem,
460 3415 611 3488 quorum
625 3391 752 3488 scripta
766 3391 803 3463 in
818 3390 981 3463 manibus
994 3389 1163 3478 habehat,
1179 3396 1303 3462 auoto-

238 3537 294 3588 res
309 3515 490 3588 adhibens.

274 3794 281 3829 ¹
298 3793 403 3844 Decio.
418 3791 480 3852 Dei,
492 3794 560 3853 lllll,
574 3806 596 3841 c,
612 3795 625 3840 1
640 3794 665 3841 et
679 3796 702 3841 3.
724 3793 800 3842 «llaec
812 3791 919 3840 sensisse
932 3795 1005 3854 atque
1019 3791 1131 3841 docuisse
1144 3790 1302 3841 Academicos

238 3886 332 3932 veteres
345 3883 420 3930 Varro
433 3881 535 3939 asserit,
550 3884 650 3930 auctora
662 3880 794 3942 Antiocho,
808 3880 925 3946 magistro
939 3880 1060 3931 Ciceronis
1074 3884 1098 3929 et
1111 3895 1186 3930 suo.»

271 3970 284 4007 2
299 3971 383 4034 Proep.
395 3984 444 4030 eu,
458 3970 523 4029 lllll,
538 3984 560 4019 o.
576 3972 628 4018 tet
641 3974 665 4022 9.
681 3947 686 3957 ’

271 4057 285 4099 3
298 4061 369 4125 Hyp.
384 4059 492 4125 Pyrrh,
510 4062 534 4120 l,
549 4076 571 4108 c.
587 4064 631 4119 33,
646 4057 660 4124 5
673 4064 730 4108 235.

271 4160 285 4188 ⁴
297 4150 362 4202 Ado.
377 4150 475 4212 Mart„
490 4152 544 4210 Vll,
557 4149 571 4214 ἓ
586 4154 632 4199 162
646 4153 670 4198 et
681 4152 737 4198 201.
