2967 4609
761 175 785 246 6

236 325 344 421 jecta,
355 320 566 410 Antiochus,
578 320 623 394 ad
637 318 772 394 Stoicos
781 321 856 417 jam
871 320 1080 418 respiciens,
1091 343 1187 396 novoe
1201 330 1305 396 sectae

239 456 360 524 auctor
373 443 492 533 luerit,
509 466 579 540 quo
592 452 748 540 tempore
761 442 935 518 recentior
948 442 1008 518 illa
1026 444 1195 519 exstiterit
1211 444 1303 518 Aca·

240 565 371 656 demia,
387 589 426 640 ex
447 565 522 663 ipso
538 562 643 637 Tullii
659 564 857 639 testimonio
880 588 921 639 ea
942 543 1117 641 narrantis
1137 588 1216 662 quae
1234 564 1305 638 An-

200 747 203 754 ,
239 687 519 783 tiochuS,qu11m
533 684 703 759 Lucullus
717 684 934 760 Alexandriae
948 695 1100 783 quaestor
1112 696 1218 775 esset,
1235 684 1305 759 dis

240 817 437 906 putaverat,
450 806 533 880 satis
548 815 768 904 compertum
783 806 1001 882 habebimus,

287 1026 451 1102 Antiochi
478 1026 686 1124 discipulos,
713 1025 844 1101 amicos
872 1036 908 1101 et
932 1037 1097 1125 patronos
1124 1048 1306 1100 recensere

239 1147 469 1246 aggredienti,
483 1148 619 1246 primus
634 1147 761 1223 eximio
775 1172 793 1223 e
806 1148 912 1246 grege
925 1149 1080 1224 occurrit
1092 1149 1131 1221 L.
1146 1147 1306 1222 Licinius

239 1268 409 1344 Lucullus
424 1269 482 1344 cui
496 1269 651 1343 multum
664 1269 836 1368 proluisse
852 1269 1067 1345 Antiochum
1087 1290 1305 1343 commemo-

239 1400 293 1484 rat
303 1390 496 1465 AElianus¹.
512 1390 685 1464 Eumdem
699 1389 911 1465 Plutarchus
927 1390 1032 1464 refert
1045 1412 1150 1464 omne
1162 1389 1305 1486 quidem

239 1513 469 1611 philosophiae
483 1536 594 1609 genus
606 1536 741 1587 amasse
759 1523 794 1588 et
807 1513 905 1610 quasi
928 1512 1098 1588 familiare
1121 1513 1306 1603 habuisse,

238 1634 463 1709 Academiam
476 1657 555 1709 vero
573 1634 617 1708 ab
635 1633 780 1709 ineunte
794 1645 894 1709 aetate
909 1635 1085 1732 praecipuo
1098 1635 1214 1709 studio
1227 1657 1305 1709 am-

239 1756 380 1854 plexum
399 1779 493 1847 esse,
514 1778 680 1830 noneam
702 1780 809 1852 quam
826 1779 951 1830 novam
965 1756 1150 1846 vocabant,
1174 1757 1235 1831 sed
1249 1779 1307 1830 ve-

238 1887 349 1952 terem
364 1877 460 1951 illam
475 1900 553 1974 quae
567 1900 684 1952 acrem
697 1877 888 1952 antistitem
902 1886 938 1952 et
951 1877 1143 1952 facundum
1156 1877 1309 1951 habebat
1347 1898 1350 1906 ·

172 2008 174 2012 ’
238 1981 461 2074 Ascaloniten
475 1999 708 2090 Antiochum;
725 2022 831 2096 quem
846 2022 957 2096 quum
973 1998 1070 2073 omni
1085 1998 1200 2073 studio
1218 1997 1308 2071 ami-

240 2141 322 2191 cum
348 2118 538 2216 paravisset
556 2128 590 2193 et
613 2118 868 2208 convictorem,
895 2118 1067 2192 Lucullus
1092 2118 1306 2193 contrariam

239 2239 397 2313 Philonis
412 2239 631 2314 auditoribus
644 2262 787 2313 causam
803 2239 991 2336 susceptu.

289 2361 421 2436 Eadem
431 2361 551 2436 Cicero
565 2361 677 2435 multo
689 2360 863 2458 copiosius
876 2360 1135 2457 memorat,qui
1147 2360 1183 2433 in
1196 2383 1309 2458 proce

240 2482 311 2556 mio
325 2483 482 2572 Luculli,
497 2492 682 2579 postquam
702 2505 900 2579 «magnum
915 2481 1097 2579 ingenium
1113 2482 1152 2556 L.
1168 2481 1308 2556 Luculli

240 2626 480 2701 magnumque
509 2603 721 2700 optimarum
755 2602 884 2676 artium
917 2603 1102 2676 studium»
1137 2601 1308 2692 laudavit,

241 2724 316 2799 haec
329 2723 468 2822 adjicit:
488 2722 642 2821 «Maiore
657 2722 752 2796 enim
771 2723 887 2797 studio
902 2723 1072 2797 Lucullus
1088 2747 1199 2821 quum
1211 2723 1308 2798 omni

243 2845 466 2919 «litterarum
481 2844 612 2941 generi,
621 2853 698 2918 tum
710 2845 939 2943 philosophiae
949 2845 1087 2924 deditus
1099 2845 1176 2935 luit,
1188 2868 1307 2941 quam,

244 2969 332 3063 oqui
346 2968 447 3041 illum
464 2968 686 3064 ignorabant,
698 2959 970 3042 arbitrabantur.
981 2969 1152 3043 ,Necvero
1165 2969 1309 3068 ineunte

244 3097 370 3163 <cantate
387 3089 519 3178 solum,
536 3089 597 3162 sed
613 3098 647 3162 et
660 3112 723 3186 pro
738 3099 910 3186 quaestore
924 3089 1058 3185 aliquot
1071 3114 1201 3182 annos,
1223 3101 1258 3166 et
1272 3090 1309 3163 in

245 3210 348 3307 «ipso
362 3210 488 3285 betto...
510 3212 625 3296 Quum
641 3220 759 3285 autem
773 3235 793 3285 e
807 3211 1027 3310 philosophis
1042 3213 1182 3309 ingenio
1199 3212 1311 3287 scien·

246 3334 393 3430 otiaque
415 3343 596 3430 putaretur
618 3333 830 3424 Antiochou,
853 3334 1012 3408 Philonis
1028 3336 1177 3425 auditor,
1202 3333 1311 3411 excel-

245 3455 362 3544 rlere,
374 3478 456 3529 eum
472 3478 591 3529 secum
607 3464 759 3551 quaestor
771 3456 930 3530 habuit...
942 3458 982 3529 ³»

293 3576 527 3660 Quamobrem
543 3575 579 3648 in
592 3575 699 3673 priori
712 3577 999 3651 Academicorum
1013 3579 1164 3653 editione
1179 3578 1310 3653 Lucul-

243 3698 298 3771 lus
311 3696 473 3770 Antiochi
487 3697 657 3771 rationem
673 3698 895 3791 defendebat3
913 3709 1017 3796 atque
1034 3701 1080 3773 ita
1097 3700 1307 3797 aprincipio

281 3939 288 3973 ¹
305 3939 408 4006 AElian.,
425 3941 487 3990 ναν.
501 3937 580 4000 hist,
594 3942 651 4000 llll,
666 3956 688 3990 c.
703 3946 744 3991 Ab,

279 4026 383 4087 taluc,
400 4028 452 4079 vie.
468 4030 544 4089 Luc,
559 4045 583 4092 p.
600 4033 655 4079 519.

280 4113 405 4176 sicae,
420 4118 453 4177 ll,
468 4122 491 4167 2.
