2967 4609
682 228 729 301 63

172 381 404 459 necessariam
417 379 657 467 arbitraretur,
669 377 764 454 haud
777 377 877 451 aliter
885 377 1013 452 Varro:
1032 375 1161 456 «Nulla
1171 391 1236 471 est,

175 504 334 601 (linquit,
349 501 484 577 homini
495 523 599 575 causa
614 499 901 598 philosophandi,
914 499 982 574 nisi
992 509 1034 573 ut
1045 500 1168 576 beatus
1181 503 1235 576 sit.

174 626 299 711 «Quod
317 634 435 697 autem
453 622 595 696 beatum
614 620 713 710 facit,
736 621 810 718 ipse
825 631 877 694 est
891 621 970 695 finis
985 621 1087 695 boui:
1104 646 1237 718 quam-

175 750 322 823 «obrem
340 769 418 842 quae
439 744 679 846 nullumboni
698 745 807 818 finem
829 754 993 834 sectatur,
1008 745 1105 819 nulla
1120 747 1236 842 philo-

161 869 332 967 'usophiae
347 877 439 942 secta
454 866 723 940 attenuasse.»
800 915 804 922 ·

222 992 406 1086 Idemque,
420 988 462 1063 de
476 995 548 1061 tam
562 986 673 1060 multa
683 996 858 1061 sectarum
873 986 1037 1062 varietate
1050 983 1237 1080 disserens,

174 1111 350 1188 recensuit
371 1118 494 1199 sectas,
523 1132 593 1182 non
623 1132 701 1204 quae
725 1109 800 1205 jam
823 1118 957 1197 essent,
979 1110 1040 1183 sed
1064 1133 1142 1205 quae
1163 1135 1238 1186 esse

120 1319 122 1322 v
174 1244 331 1332 possent;
346 1243 381 1307 et
394 1232 440 1305 ita
455 1232 634 1328 inceptum
649 1230 737 1303 illud
752 1240 956 1327 persecutus
971 1240 1043 1321 est,
1058 1241 1099 1304 ut
1111 1232 1234 1306 Antio-

110 1381 116 1386 ·
175 1358 282 1430 chum
294 1354 413 1453 ipsum
428 1352 627 1449 diligentius
642 1362 677 1426 et
691 1352 854 1426 subtilius
869 1351 934 1425 ista
948 1363 1165 1427 scrutantem
1177 1378 1238 1428 au·

174 1477 248 1551 dire
259 1476 471 1550 videamurt

224 1596 278 1670 Ab
292 1596 347 1669 his
363 1596 460 1671 enim
474 1595 586 1669 oritur
600 1618 678 1691 quae
692 1593 853 1669 homiues
869 1594 944 1669 sine
962 1595 1147 1693 magistro,
1163 1596 1238 1671 sine

175 1716 246 1791 ullo
260 1716 425 1791 doctrinae
439 1715 758 1806 adminiculo,si1ie
772 1716 944 1790 industria
958 1727 993 1790 et
1004 1727 1076 1791 arte
1088 1717 1240 1808 vivendi,

175 1838 268 1914 velut
278 1836 493 1927 naturaliter,
506 1840 740 1935 appetuut;et
750 1861 789 1911 ex
801 1838 857 1911 bis
870 1837 1062 1934 principiis,
1075 1861 1153 1933 quae
1165 1862 1241 1913 esse

176 1960 310 2055 possint
326 1958 525 2050 sententia,
543 1959 653 2046 variis,
663 1958 829 2033 adhibitis
844 1959 1065 2049 differentiis,
1080 1960 1241 2056 exsequi-

178 2090 408 2175 tur;quarum
421 2103 531 2176 quum
541 2081 702 2178 plurimae
716 2081 788 2155 sint
798 2080 1005 2178 rejicienda,
1018 2091 1087 2156 tres
1101 2091 1238 2154 tantum

178 2212 381 2297 supersunt,
396 2225 508 2299 quum
525 2201 577 2276 vel
591 2201 700 2278 virtus
717 2211 752 2276 et
766 2202 879 2299 prima
897 2213 1050 2293 natura,
1067 2223 1145 2299 quae
1162 2203 1237 2299 pri-

176 2322 327 2419 migenia
350 2323 453 2413 dicit,
474 2334 615 2421 propter
629 2324 741 2421 seipsa
759 2324 893 2421 possint
909 2324 1036 2421 expeti,
1057 2324 1110 2398 vel
1124 2324 1237 2420 prima

176 2455 310 2519 naturae
325 2455 466 2542 propter
479 2445 658 2534 virtutem,
673 2445 726 2519 vel
739 2446 848 2520 virtus
861 2456 1002 2543 propter
1016 2445 1129 2542 prima
1142 2455 1243 2520 natu·

177 2589 234 2641 rae.
256 2567 338 2641 Haec
355 2577 471 2641 autem
489 2568 555 2640 vita
572 2566 736 2641 deformis
750 2577 843 2640 esset
856 2568 1018 2663 quidem,
1032 2567 1163 2664 quippe
1178 2567 1241 2640 ubi

177 2688 285 2762 virtus
300 2688 443 2762 serviret
457 2688 607 2763 dominae
621 2688 789 2785 voluptati
804 2688 998 2785 ceterisque
1011 2688 1243 2785 primigeniis,

177 2820 212 2884 ot
230 2810 326 2883 nullo
346 2812 449 2884 modo
465 2811 611 2884 dicenda
626 2820 717 2885 esset
728 2811 849 2883 virtus.
865 2811 1023 2883 Exclusis
1039 2810 1147 2906 igitur
1161 2809 1243 2882 reli-

177 2954 328 3026 quorum
345 2932 524 3006 sententiis
539 2942 600 3005 aut
613 2931 820 3005 Academica
839 2930 916 3020 illa,
932 2940 992 3004 aut
1007 2931 1137 3021 altera,
1152 2931 1243 3003 Stoi·
1309 3013 1311 3016 ,

177 3078 299 3130 corum
315 3057 456 3151 nempe,
469 3055 579 3129 valeat
593 3077 734 3129 necesse
750 3064 812 3128 est.
849 3137 853 3144 ,

229 3177 425 3251 «Relutatis
436 3176 577 3265 ceteris,
591 3176 880 3272 aitAugustinus,
892 3199 1000 3248 unam
1011 3174 1119 3248 Varro
1130 3174 1243 3271 eligit,

180 3322 314 3395 «quam
326 3299 399 3372 vult
409 3322 484 3373 esse
494 3297 786 3373 Academicorum
796 3307 962 3386 veterum,
977 3297 1245 3392 quosaPlatone

181 3423 385 3496 «institutos
406 3421 576 3517 usquead
594 3420 841 3509 Polemonem,
865 3419 926 3516 qui
950 3420 993 3492 ab
1017 3419 1077 3493 illo
1097 3430 1244 3517 quartus

181 3545 282 3642 «ejus
291 3533 447 3617 scholam
457 3542 586 3630 tenuit,
598 3565 677 3638 quae
687 3541 875 3615 Academia
890 3539 982 3614 dicta
995 3549 1063 3630 est,
1077 3541 1244 3614 habuisse

182 3674 302 3739 «certa
328 3664 489 3760 dogmata
514 3663 587 3736 vult
611 3661 737 3736 videri:
766 3672 801 3735 et
827 3661 962 3736 abhoc
994 3662 1177 3759 distinguit
1200 3663 1244 3736 ab

183 3784 427 3860 «Academicis
444 3783 562 3874 novis,
586 3783 715 3880 quibus
737 3783 870 3857 incerta
890 3792 976 3856 sunt
992 3783 1126 3872 omnia,
1150 3785 1244 3879 quod

184 3906 440 4005 «philosophiae
460 3929 571 4002 genus
592 3905 636 3979 ab
650 3905 803 3979 Arcesila
824 3905 946 4003 coepit,
962 3928 1162 3979 successore
1176 3905 1245 3978 Po-

218 4104 225 4138 ¹
243 4103 316 4152 Elib.
333 4104 371 4153 lle
385 4099 568 4165 Philosophia,
582 4116 622 4165 ap.
637 4103 716 4165 Aug„
732 4101 786 4151 Cio.
803 4101 858 4150 Dei.
874 4101 940 4158 lllll,
954 4114 976 4147 c.
992 4102 1003 4147 l
1019 4104 1044 4148 et
1057 4104 1080 4147 Ξ.

215 4189 292 4251 2lb.,
307 4206 329 4240 c.
345 4194 375 4250 l,
390 4206 442 4253 sqq.
