2967 4609
680 214 727 287 aa
805 187 812 202 '

171 365 406 463 principatum
422 371 554 450 teneat,
569 361 631 435 ita
645 382 873 466 corporenon
888 364 970 436 satis
985 385 1061 437 esse
1074 357 1233 461 disjunc-

174 498 250 575 tus,
265 496 319 575 et,
335 484 402 559 nisi
413 485 507 580 quod
520 482 680 584 subtilior
693 483 879 558 etviridiur
890 484 965 583 ejus
975 496 1066 559 esset
1077 486 1236 572 natural,

173 632 300 705 corpus
316 616 433 680 tamen
443 606 588 680 videtur.
602 605 772 680 Lucullus
786 606 882 679 enim
891 606 976 680 dicit
987 603 1146 679 animum
1161 629 1238 679 sen·

174 753 253 804 sum
270 752 345 804 esse
367 738 401 801 et
415 728 610 801 naturalem
626 728 815 823 quamdam
832 727 901 800 vim
923 751 1001 823 quae
1019 727 1176 801 intendat
1194 728 1237 800 ad

173 874 213 925 ea
238 850 368 946 quibus
392 852 593 940 movetur23
615 850 767 922 affirmat
786 858 903 923 autem
923 850 1032 924 Varro
1055 849 1143 921 nihil
1164 871 1238 922 esse

175 971 268 1068 quod
281 993 351 1044 non
365 969 493 1043 alicuhi
508 993 583 1044 esse
596 979 752 1066 cogatur,
767 993 849 1060 nec,
864 980 926 1043 aut
934 970 1028 1066 quod
1042 969 1169 1044 elliciat
1180 969 1239 1043 ali·

175 1092 278 1188 quid,
293 1101 355 1165 aut
368 1091 462 1187 quod
476 1089 659 1180 efficiatur,
674 1114 776 1188 posse
790 1099 948 1165 essenon
966 1077 1132 1188 corpus³;
1147 1094 1238 1165 hanc
1313 1184 1318 1192 Ι

95 1245 99 1250 ·
176 1212 389 1309 singularem
404 1221 566 1288 naturam
579 1197 614 1286 et
628 1212 783 1310 corporis
797 1222 990 1310 expertem,
1015 1213 1115 1309 cujus
1134 1237 1239 1309 gene-

176 1336 223 1410 ris
236 1338 395 1411 animum
408 1359 483 1410 esse
496 1336 696 1410 Aristoteles
711 1336 965 1411 etllenocrates
979 1336 1150 1427 dixerunt,
1164 1338 1240 1412 nul-

176 1461 414 1558 lamprolecto
428 1482 503 1533 esse
517 1468 636 1533 censet
648 1461 673 1533 ².

225 1583 377 1672 Similia,
399 1582 586 1680 utopinor,
610 1584 653 1658 de
670 1583 740 1658 Deo
763 1583 909 1658 docebat
929 1585 1141 1661 Antiochus:
1155 1588 1241 1661 Var-

130 1777 138 1786 ,
175 1727 297 1779 runem
314 1704 424 1793 enim,
439 1705 539 1802 cujus
550 1704 652 1778 verba
665 1705 740 1802 jam
760 1704 960 1794 retulimus,
985 1707 1142 1781 imitatur
1165 1708 1241 1783 Lu·

178 1825 295 1900 cullus
316 1825 471 1921 quitum
488 1826 663 1898 mundum
677 1825 887 1899 aedificatum
902 1850 978 1901 esse
995 1827 1110 1901 divino
1125 1829 1242 1924 aliquo
1325 1861 1327 1865 ·

180 1946 341 2036 consiliu,
357 1947 469 2020 Deum
489 1947 607 2020 omnia
630 1947 738 2020 nostri
757 1970 861 2022 causa
875 1948 996 2022 fecisse
1021 1948 1108 2023 dicit
1116 1952 1142 2039 ⁵,
1164 1960 1241 2024 tum

183 2066 288 2164 sentit
303 2068 476 2141 mundum
493 2090 568 2141 esse
583 2067 774 2164 sapientem
796 2078 831 2141 et
846 2079 999 2142 mentem
1015 2069 1051 2141 in
1064 2094 1107 2144 eo
1119 2094 1243 2167 quam-

181 2191 480 2289 daminessequae
499 2201 586 2265 etse
610 2201 644 2264 et
666 2190 784 2287 ipsum
804 2191 968 2265 sahricata
986 2192 1045 2283 sit,
1067 2204 1102 2268 et
1125 2195 1241 2268 omnia

179 2313 391 2403 moderetur,
415 2322 568 2402 moveat,
591 2315 723 2408 regat⁶.
752 2312 854 2386 Haud
876 2312 976 2387 aliter
997 2315 1097 2404 Piso,
1120 2317 1243 2391 ceteris

180 2437 323 2533 quidem
345 2437 540 2510 concedens
563 2445 603 2509 ut
625 2434 823 2531 existiment
845 2435 938 2530 quod
957 2434 1081 2526 velint,
1104 2437 1178 2534 ipse
1200 2438 1243 2511 iis

181 2560 370 2634 assentitur
384 2558 444 2655 qui
457 2561 532 2632 haec
547 2557 664 2632 omnia
679 2557 751 2653 regi
765 2566 889 2632 natura
902 2567 1042 2654 putant3
1055 2583 1132 2656 quae
1145 2559 1173 2634 si
1186 2584 1246 2634 ua·

182 2692 259 2756 tura
275 2681 442 2779 negligat,
456 2682 531 2778 ipsa
546 2704 705 2755 essenon
720 2680 855 2777 possint
865 2684 889 2753 ⁷.

231 2803 348 2889 Quum
371 2813 488 2877 autem
513 2801 601 2875 nihil
627 2802 722 2875 aliud
747 2812 839 2875 esset
859 2801 952 2876 Deus
974 2804 1041 2878 uisi
1064 2814 1188 2879 natura
1212 2817 1247 2880 et

182 2925 306 2999 mundi
324 2925 462 2998 animus
477 2934 512 2998 et
524 2924 574 2997 vis
586 2923 752 2997 efficiens
776 2922 931 3019 undique
954 2922 1078 2997 diffusa
1100 2935 1136 2999 et
1154 2950 1246 3023 pree·

184 3070 281 3136 sens,
308 3046 377 3120 cui
395 3045 513 3119 omnia
537 3055 577 3118 ut
599 3042 794 3118 necessitati
821 3053 856 3116 et
881 3044 950 3117 sato
972 3057 1149 3140 parerent,
1179 3047 1247 3123 illae

184 3167 308 3244 mundi
328 3165 459 3264 parteS,
481 3189 560 3262 quae
579 3166 753 3262 precipue
775 3164 889 3238 diviua
904 3164 962 3237 illa
977 3166 1008 3238 vi
1024 3169 1248 3243 continentur

185 3300 220 3364 et
228 3299 423 3378 moventur,
437 3288 594 3363 divinum
609 3297 644 3360 et
656 3287 774 3383 ipsum
787 3309 919 3360 numen
934 3287 1123 3379 habebant3
1139 3300 1247 3385 utque

186 3411 305 3486 Cicero
320 3410 468 3485 Lucullo
490 3410 592 3484 dicit:
619 3410 723 3483 «Erit
739 3410 885 3507 sapienti
900 3432 1106 3506 persuasum
1124 3410 1249 3501 solem,

221 3629 228 3664 ¹
246 3628 295 3677 Cic.
310 3631 341 3677 ad
355 3631 428 3687 Luc,
444 3627 539 3688 dead„
555 3630 592 3686 ll,
607 3631 646 3675 39.

221 3718 347 3779 Hecu,
362 3721 398 3780 ll,
414 3722 454 3768 1⁰.

220 3805 507 3867 ³acau,1‚oet11.

220 3895 506 3970 neaeman.

220 3983 233 4022 ⁵
247 3983 344 4043 dead,
359 3987 395 4044 ll,
409 4000 431 4035 c.
448 3988 477 4034 38
491 3989 516 4034 et
529 3988 569 4034 tt.

220 4072 343 4132 bucca,
359 4075 395 4133 ll,
409 4077 449 4122 37.
463 4099 495 4111 -
509 4074 543 4121 cl.
560 4074 606 4130 ih,
622 4075 652 4122 lo
665 4077 689 4122 et
700 4075 742 4143 ,²7¹

220 4162 285 4213 ⁷00
300 4164 379 4222 Flac,
394 4165 428 4220 V,
444 4165 482 4211 ll.
