2967 4609
264 393 369 467 Stoici
391 385 451 490 qui
474 394 614 468 abistis
638 393 755 467 omnia
779 394 1062 498 transtulerunt:
1088 396 1157 486 sio,
1177 397 1325 471 exclusis

264 514 443 589 sententiis
466 514 697 611 reliquorum,
720 537 832 610 quum
854 519 1019 612 praeterea
1039 516 1134 589 nulla
1150 540 1226 592 esse
1244 542 1325 615 pos-

263 636 320 725 sit,
339 638 414 711 haeo
427 636 651 733 antiquorum
667 636 778 741 valeat
791 660 932 742 neeesse
947 648 1009 711 est.
1023 638 1101 713 Sola
1115 639 1326 737 relinquitur

263 759 338 833 haee
370 758 552 854 disciplina
585 758 689 854 digna
717 758 881 832 studiosis
913 760 1145 856 ingenuarum
1176 761 1326 851 artium,

264 878 367 976 digna
392 878 554 968 eruditis,
581 878 685 975 digna
710 879 813 953 elaris
835 879 935 974 viris,
959 879 1062 977 digna
1087 881 1326 979 principibuS,

264 999 554 1100 dignaregihus.s

310 1243 477 1318 Novimus
503 1267 583 1341 ergo
603 1246 688 1341 quid
715 1246 891 1320 censuerit
911 1245 1104 1320 Antiochus
1130 1247 1172 1320 de
1196 1249 1326 1321 summi

263 1366 345 1440 boni
363 1376 503 1457 natura,
527 1389 632 1463 quam
648 1366 887 1463 disciplinam,
908 1389 995 1462 quos
1010 1374 1170 1439 auctores
1185 1363 1349 1439 seoutus‘

264 1486 326 1578 sit,
338 1511 408 1584 qua
426 1489 468 1562 de
481 1511 584 1562 carisa
600 1487 749 1562 aliorum
765 1471 1010 1585 improbaverit
1027 1486 1227 1561 sententias.

312 1607 415 1681 Nune
433 1618 550 1682 autem
566 1608 805 1703 exquiramus,
819 1632 896 1705 quae
916 1608 1038 1698 suerit,
1052 1607 1112 1681 illo
1120 1607 1255 1705 judice,
1268 1632 1329 1680 an-

264 1729 360 1825 tiqua
373 1728 432 1801 iila
447 1728 572 1802 devita
587 1739 621 1802 et
635 1729 794 1803 moribus
807 1729 1026 1826 philosophia
1041 1754 1048 1801 :
1065 1752 1170 1825 quam
1184 1729 1327 1824 quidem

264 1873 375 1946 quum
390 1849 471 1924 Piso
484 1850 521 1924 in
535 1850 658 1946 quinto
673 1850 716 1923 de
727 1849 871 1924 Finibus
889 1849 997 1939 libro,
1012 1860 1046 1924 et
1060 1850 1186 1939 Varro,
1199 1860 1276 1923 tum
1290 1850 1329 1922 in

264 1972 482 2046 Academicis
497 1973 765 2071 posterioribus,
783 1982 858 2045 tum
879 1972 972 2068 apud
993 1970 1247 2068 Augustinum,
1270 1995 1330 2045 ex-

264 2093 463 2190 posuerint,
487 2117 569 2183 noS,
591 2093 724 2166 oollatis
751 2092 858 2166 trium
886 2091 1048 2166 Antiochi
1074 2091 1329 2188 discipulorum

264 2213 394 2302 uerbis,
409 2214 456 2287 ita
473 2213 627 2287 inureve
642 2214 862 2310 redigemus:
898 2207 904 2216 ’

316 2334 454 2430 «Omne
468 2334 598 2409 animal
613 2334 768 2432 seipsum
791 2334 921 2431 diligit,
942 2335 1021 2409 etei
1039 2335 1174 2432 primus
1196 2334 1255 2409 ille
1277 2346 1332 2409 est

265 2466 300 2530 et
332 2457 553 2553 ingeneratus
586 2457 629 2530 ad
665 2480 807 2531 omnem
832 2456 937 2530 vitam
962 2456 1128 2530 tuendam
1155 2457 1331 2554 appetitus

166 2610 169 2616 ¹
260 2586 385 2680 ·(quem
402 2580 517 2682 ὁρμὴν
531 2585 641 2659 Graeci
657 2586 858 2681 voeant),·ut
871 2585 1024 2682 seipsum
1038 2595 1217 2661 conservet
1230 2596 1264 2660 et
1278 2609 1332 2672 ea,

266 2729 345 2801 quae
353 2716 491 2779 naturae
507 2716 585 2803 apta
601 2706 721 2796 sentit,
737 2716 876 2803 appetat
890 2706 1091 2803 rejiciatque
1110 2708 1295 2780 contraria.

317 2828 531 2901 «Summum
547 2827 634 2900 illud
649 2828 869 2902 essebonum
882 2837 1044 2901 etrerum
1059 2828 1220 2900 monium
1233 2852 1334 2925 expe·

267 2949 452 3023 tendarum
467 2960 677 3039 extremum,
693 2950 858 3047 adeptum
874 2973 948 3024 esse
963 2948 1080 3023 omnia
1094 2972 1171 3045 quae
1185 2949 1335 3022 invitant
1400 2994 1405 3002 -

268 3081 303 3145 et
325 3070 485 3144 alliciunt
505 3073 602 3145 hunc
629 3071 820 3168 appetitum
842 3070 967 3159 animi,
993 3069 1110 3143 omnia
1135 3071 1334 3144 seeundum

268 3177 441 3265 natuiam.
464 3190 569 3264 Nulla
590 3190 696 3288 igitur
714 3191 781 3264 alia
802 3190 838 3263 in
858 3215 914 3280 re,
935 3190 1001 3264 nisi
1024 3190 1061 3264 in
1077 3201 1221 3280 natura,
1236 3216 1334 3287 quae-

268 3315 418 3390 rendum
432 3323 485 3386 est
502 3336 682 3386 summum
698 3313 785 3386 illud
800 3313 950 3404 bonum3
964 3323 998 3387 et
1010 3313 1116 3386 totins
1128 3313 1334 3408 quaestionis

258 3437 311 3510 >de
324 3435 456 3509 finibus
470 3435 643 3509 bonorum
661 3434 881 3509 etmalorum
896 3435 1213 3531 ionsreperiendus
1227 3436 1332 3509 estin

269 3580 338 3652 quo
357 3556 427 3629 sint
443 3556 555 3653 prima
570 3555 793 3629 invitamenta
810 3565 943 3628 naturae
954 3558 979 3628 ¹.

320 3678 464 3763 «Quum
480 3689 596 3753 autem
615 3680 749 3752 naturae
765 3678 835 3752 sint
848 3678 1010 3768 diversae,
1025 3678 1262 3776 proprinsille
1274 3701 1336 3767 eu-

305 3928 311 3963 ¹
329 3930 388 3987 Quot
405 3927 478 3977 etiarn
500 3930 618 3978 vocantur
632 3941 639 3976 t
654 3927 732 3990 prima
753 3931 861 3986 naturae,
882 3927 960 3989 prima
981 3931 1074 3977 naturae
1094 3930 1234 3986 commoda,
1255 3925 1334 3989 prima

270 4021 364 4066 naturte
377 4017 548 4074 incitamenta,
567 4030 606 4065 res
620 4018 651 4065 ad
663 4020 777 4065 naturam
792 4019 996 4075 accommodatae,
1011 4016 1087 4079 prima
1102 4020 1196 4066 naturoe
1209 4030 1337 4065 commen·

270 4105 344 4154 datio.
358 4125 392 4134 -
403 4105 461 4154 Hoeo
478 4106 564 4154 eadem
583 4104 726 4169 primigenia
740 4105 815 4153 Varro
836 4106 954 4167 appellat,
974 4104 998 4152 in
1016 4105 1077 4153 libro
1100 4105 1135 4152 ve
1152 4101 1333 4169 philosophia,
1356 4101 1360 4110 '

245 4183 249 4190 ’
270 4207 309 4255 op.
325 4194 403 4258 Aug,
419 4193 474 4244 civ.
489 4193 561 4251 Dei„
576 4193 646 4251 xlx,
661 4207 683 4240 c.
699 4196 723 4240 2.
