2967 4609
740 202 827 275 lh·

233 349 335 446 cujus
353 348 584 446 patrocinium
601 348 755 444 suscepit
771 357 1033 423 commovetur:
1057 349 1160 423 «Etsi
1186 339 1299 423 multa

235 469 300 541 «in
325 469 421 542 omni
445 479 541 566 parte
555 468 773 543 Athenarum
794 478 877 542 sunt
895 469 932 542 in
954 469 1038 567 ipsis
1059 470 1145 545 locis
1169 471 1299 546 indicia

236 590 486 664 «summorum
506 590 677 679 virorum,
700 600 818 664 tamen
839 614 902 687 ego
921 591 980 665 illa
1004 614 1143 666 moveor
1162 593 1299 688 enedra.

235 711 365 785 «Modo
388 712 482 786 enim
503 711 569 784 luit
591 711 825 786 Charmadas:
847 736 952 809 quem
970 712 1085 788 ridere
1103 714 1220 788 videor
1232 718 1300 812 (est

234 857 251 901 r
263 832 357 905 enim
370 843 451 906 nota
464 832 604 929 imago),
619 856 638 905 a
653 833 804 929 sedeque
816 833 908 930 ipsa,
921 834 1007 906 tanti
1021 834 1152 931 ingenii
1165 835 1302 932 magni·

235 953 384 1027 cludine
401 954 537 1043 orbata,
555 953 744 1027 desiderari
762 953 857 1027 illam
871 977 990 1028 vocem
1004 965 1125 1052 puto.»

279 1051 357 1147 Non
371 1073 535 1169 equidem
554 1073 712 1149 Philonis
739 1075 971 1171 discipulum,
991 1084 1026 1149 et
1049 1098 1147 1150 novae
1161 1076 1296 1150 Acade·

233 1194 313 1269 miae
328 1195 427 1291 qnasi
448 1197 639 1287 haeredem,
660 1196 864 1271 Ciceronem
879 1196 970 1270 inter
992 1197 1111 1272 fideles
1134 1197 1299 1271 Antiochi

233 1314 424 1413 discipulos
446 1318 706 1394 numerandum
726 1341 807 1392 esse
824 1340 967 1408 censeo;
985 1318 1125 1391 obstant
1148 1317 1243 1391 enim
1266 1327 1302 1391 et

233 1447 389 1511 veterum
403 1438 625 1512 testimonia¹
642 1448 677 1512 et
689 1438 800 1536 ipsius
815 1437 991 1512 Ciceronis
1005 1461 1109 1535 opera
1125 1438 1186 1512 uhi
1199 1439 1302 1512 toties

232 1559 446 1634 Antiochum
470 1562 696 1659 impugnavit.
724 1561 887 1635 Attamen
914 1562 1067 1635 dubitari
1093 1585 1164 1635 non
1188 1571 1302 1659 potest

190 1735 193 1743 -
234 1681 319 1776 quin
334 1681 378 1754 ah
393 1681 451 1756 illa
466 1682 628 1757 Antiochi
642 1683 802 1757 semestri
817 1683 995 1757 auditione
1013 1683 1169 1756 multum
1191 1693 1303 1757 trane-

234 1803 297 1875 rit:
314 1804 407 1899 quod
422 1805 485 1877 sno
500 1803 576 1878 loco
591 1804 806 1902 perpendere
821 1828 934 1901 operae
949 1804 1101 1901 pretinm
1116 1804 1192 1878 erit.

283 1927 401 2012 Quum
420 1938 537 2002 autem
560 1927 762 2001 nuntiatum
784 1938 875 2001 esset
900 1928 1027 2025 Syllam
1050 1911 1117 2000 vita
1140 1928 1301 1999 functum

235 2072 310 2121 esse
326 2049 369 2146 (a.
393 2074 425 2122 u.
450 2048 548 2142 676),
569 2072 630 2145 per
644 2071 765 2146 preces
785 2059 819 2122 et
832 2048 964 2122 litteras
982 2048 1086 2121 amici
1100 2047 1304 2144 flagitabant

235 2192 254 2240 a
267 2167 433 2243 Cicerone
449 2178 488 2242 ut
501 2169 650 2242 Romam
666 2168 805 2257 rediret,
820 2178 866 2257 et,
879 2168 907 2241 si
923 2168 1112 2242 Plutarcho
1127 2168 1232 2241 fidem
1245 2167 1304 2240 ad·

235 2289 418 2378 hihemus,
442 2289 635 2363 Antiochus
660 2289 835 2386 imprimis
859 2289 961 2362 illum
984 2289 1189 2363 hortabatur
1204 2297 1244 2361 ut
1257 2288 1301 2359 ad

235 2410 462 2507 respublicas
479 2410 692 2484 accederat
717 2410 854 2484 Tullius
867 2420 985 2483 autem
1001 2409 1143 2505 nequid
1160 2408 1300 2505 neglec-

235 2540 311 2604 tum
320 2531 603 2627 intentatumque
615 2531 828 2627 relinqueret
842 2555 882 2604 ex
897 2531 951 2604 his
963 2531 1067 2605 rebus
1076 2530 1205 2626 quihus
1214 2553 1298 2626 per-

194 2634 198 2641 ’
236 2653 346 2726 fectus
359 2652 507 2725 efficitur
519 2663 554 2725 et
565 2661 702 2726 constat
716 2661 844 2740 orator,
861 2660 968 2725 totam
978 2650 1097 2723 Asiam
1110 2640 1306 2747 peragravit

236 2797 318 2848 cum
330 2775 479 2849 summis
495 2774 702 2864 oratoribus
714 2775 830 2849 Rhodi
841 2775 884 2847 ad
895 2774 1174 2869 eumdemquem
1183 2774 1303 2847 Romae

236 2908 391 2987 noverat,
406 2898 580 2972 Molonem
596 2922 633 2971 se
648 2897 849 2995 applicarit,
861 2897 1092 2971 Posidonium
1102 2897 1203 2992 longe
1216 2896 1305 2969 Stoi-

238 3041 359 3091 corum
383 3020 489 3115 hujus
513 3019 622 3092 aetatis
645 3019 843 3115 principem
867 3016 1013 3107 audivit,
1035 3027 1069 3091 et
1088 3042 1150 3091 rso
1174 3016 1305 3113 recepit

236 3137 377 3212 hiennio
390 3150 469 3235 post
484 3142 526 3237 (aL
544 3164 577 3212 u.
594 3139 691 3233 677),
707 3148 746 3211 ut
761 3138 835 3236 ipse
853 3139 918 3228 ait,
931 3144 1007 3212 'non
1023 3138 1126 3211 modo
1142 3139 1305 3212 exercita-

237 3261 315 3351 tior,
330 3261 390 3335 sed
403 3284 510 3358 prope
522 3266 678 3333 mutatus
695 3251 744 3332 ³5>

286 3457 481 3531 Nonnullos
510 3456 687 3530 Ciceronis
714 3456 846 3529 amicos
874 3454 996 3527 eodem
1021 3478 1112 3528 anno
1139 3454 1209 3526 675
1235 3476 1304 3527 una

226 3569 319 3653 cum
336 3577 394 3651 illo
408 3577 553 3651 Athenis
567 3576 718 3651 adfuisse
732 3576 1016 3671 Antiochumque
1029 3576 1213 3665 audivisse,
1228 3575 1303 3672 ipse
1321 3567 1325 3577 ’

239 3698 274 3770 in
289 3699 470 3797 incipienti
486 3699 608 3795 quinto
622 3700 674 3771 De
687 3699 830 3771 Finibus
845 3696 933 3771 libro
949 3706 1106 3770 testatur.

275 3882 280 3913 ¹
299 3882 379 3941 Plut,
401 3883 453 3932 Vn.
475 3881 544 3940 Cic,
563 3898 587 3943 p.
611 3879 667 3929 862.
688 3913 722 3924 -
743 3880 795 3933 Vir.
821 3880 897 3939 Luc,
918 3896 942 3944 p.
958 3883 1014 3928 tta.
1027 3880 1190 3942 -August..
1206 3878 1305 3927 Contra

239 3968 333 4029 dead„
349 3971 394 4031 lll,
409 3970 422 4034 ἓ
437 3974 477 4020 tl.

272 4059 377 4120 errat,
394 4060 446 4110 Vir.
463 4059 534 4119 cra,
549 4077 573 4124 p.
590 4064 646 4109 867.

273 4148 414 4208 eurotas,
430 4163 451 4196 c.
467 4151 507 4197 91,
