2967 4609
672 223 740 324 45,

165 384 234 448 ter:
252 375 319 447 hoc
341 381 458 445 autem
481 370 652 467 Antipatri
668 369 798 466 pingue
815 379 850 443 et
868 370 1067 467 sibiipsum
1088 375 1226 446 contra-

164 497 258 569 rium
278 494 471 569 Antiochus
495 493 677 584 censebat3
702 516 773 565 non
792 492 887 566 enim
902 516 1002 589 posse
1019 494 1227 568 convenien-

163 629 216 693 ter
230 617 300 691 dici
314 602 402 690 nihil
418 614 667 712 comprehendi
679 638 799 711 posse,
815 615 843 687 si
858 616 925 688 hoc
939 614 1056 711 ipsum
1072 638 1227 712 compre·

164 739 270 813 hendi
293 761 393 835 posse
418 736 601 810 diceretur.
627 736 753 810 Noster
772 745 889 810 autem
912 736 955 808 ad
979 736 1085 808 istum
1110 736 1227 810 locum

165 862 318 958 pressius
332 859 517 948 accedens,
533 859 580 931 ita
594 858 710 955 potius
725 858 923 954 urgendum
942 881 1017 932 esse
1038 859 1175 933 dicebat
1189 870 1230 932 ut

164 982 454 1056 Academicorum
470 990 651 1077 appareret
665 979 917 1054 inconstantia:

176 1194 186 1204 „
216 1102 363 1187 «Quum
379 1101 544 1198 sapientis
569 1100 706 1175 nullum
732 1101 912 1174 decretum
932 1125 1008 1175 esse
1029 1102 1140 1198 possit
1161 1102 1228 1176 nisi

168 1226 503 1322 «comprehensum,
516 1233 743 1321 perceptum,
765 1223 961 1320 cognitum,
976 1235 1011 1298 et
1030 1225 1228 1300 Academici

168 1347 229 1421 <rid
244 1347 413 1420 haherent
432 1346 627 1434 decretum,
649 1343 738 1418 nihil
754 1367 855 1441 posse
874 1345 1022 1442 percipi,
1038 1371 1108 1420 non
1125 1348 1230 1422 dehe-

168 1469 280 1542 uhant
297 1468 335 1540 in
356 1490 419 1541 suo
435 1467 591 1554 decreto,
611 1465 703 1538 sicot
720 1465 758 1537 in
781 1466 904 1540 ceteris
919 1466 1024 1540 rebus
1039 1468 1229 1559 fluctuare,

168 1616 186 1659 «
195 1589 388 1688 praesertim
401 1610 512 1684 quum
526 1587 563 1660 in
579 1610 619 1661 eo
634 1608 773 1660 summa
788 1587 1010 1661 consisteret:
1029 1589 1120 1663 hanc
1135 1590 1230 1663 enim

169 1737 186 1780 <r
198 1733 274 1784 esse
289 1710 445 1806 regulam
462 1709 568 1783 totius
582 1708 829 1806 philosophiae,
845 1708 1130 1784 constitutionem
1141 1711 1231 1800 veri,

169 1830 291 1921 «lalsi,
307 1830 455 1927 cogniti,
468 1825 633 1926 incogniti
648 1854 655 1900 ε
672 1835 779 1925 quam
792 1829 963 1904 rationem
978 1832 1142 1926 quoniam
1157 1855 1231 1904 sus

170 1952 351 2048 «ciperem
364 1952 558 2046 docereque
567 1951 709 2039 vellent,
727 1973 838 2045 quaea
856 1950 976 2046 quovis
992 1951 1102 2048 accipi
1124 1973 1230 2048 opor·

173 2082 286 2147 «teret
299 2083 333 2146 et
345 2075 421 2169 quae
437 2070 629 2168 repudiari,
648 2080 739 2145 certe
761 2072 828 2144 hoc
850 2071 967 2168 ipsum
981 2095 1022 2145 ex
1036 2095 1106 2168 quo
1127 2095 1231 2147 omne

173 2193 268 2267 «veri
290 2203 324 2267 et
346 2193 422 2266 lalsi
442 2192 617 2290 judicium
644 2201 750 2281 esset,
775 2192 953 2289 percipere
976 2216 1034 2267 eos
1057 2193 1229 2267 debuisse.

171 2314 336 2388 «Etenim
361 2315 430 2388 duo
452 2337 528 2407 esse
550 2313 700 2388 maxima
726 2313 763 2385 in
790 2314 1047 2418 philosophia,
1055 2313 1230 2411 judicium

171 2437 266 2510 everi
282 2445 316 2509 et
329 2436 436 2509 smem
451 2435 643 2524 honornm;
659 2457 724 2508 nec
742 2434 933 2530 sapientem
949 2457 1050 2531 posse
1062 2458 1156 2524 esse,
1171 2436 1231 2530 qui

171 2571 257 2635 aaut
272 2560 367 2634 unde
385 2559 643 2657 proficiscatur,
666 2567 727 2631 aut
743 2581 812 2653 quo
827 2558 1100 2655 perveniendum
1117 2560 1233 2634 sitne

171 2682 295 2756 «sciat.
310 2681 392 2754 Haec
405 2689 522 2752 autem
532 2678 660 2753 habere
673 2677 792 2770 dubia,
803 2701 916 2774 neque
924 2679 978 2752 his
991 2678 1036 2753 ita
1048 2681 1234 2767 considere,

172 2812 238 2876 cut
253 2780 382 2876 moveri
406 2824 475 2875 non
498 2799 650 2898 possint,
673 2799 861 2874 abhorrere
885 2824 905 2874 a
930 2801 1098 2898 sapientia
1120 2801 1233 2898 pluri-

172 2946 324 2997 «mum:
341 2922 494 2996 hoct
431 2921 494 3018 igit
495 2946 537 2993 ur
553 2920 658 2994 modo
680 2920 798 3016 potius
814 2929 889 2993 erat
874 2920 955 2993 tah
980 2920 1035 2993 his
1053 2921 1233 3017 postulan-

173 3046 302 3134 «dum,
323 3054 363 3117 ut
349 3044 449 3117 thoc
471 3065 583 3116 unum
606 3041 746 3131 saltem,
766 3040 898 3139 percipi
920 3042 1008 3116 nihil
1023 3057 1140 3144 posse,
1156 3066 1235 3140 per·

173 3175 427 3262 «ceptumesse
441 3164 655 3237 dicerent¹o>

219 3286 334 3361 Altera
359 3310 399 3360 ex
423 3295 520 3382 parte
542 3307 648 3358 novos
672 3283 897 3357 Academicos
922 3284 1151 3381 impugnabat
1175 3286 1235 3382 qui

172 3431 247 3482 sese
258 3406 444 3482 verisimile
459 3405 557 3502 sequi
570 3404 843 3494 contendebant,
860 3426 971 3500 quum
985 3405 1103 3502 ipsum
1116 3429 1236 3480 rernm

173 3557 209 3608 se
221 3533 383 3629 ignorare
397 3531 623 3605 faterentur².

221 3653 408 3728 Philonem
431 3651 582 3746 denique
608 3672 719 3747 quum
740 3672 796 3724 res
820 3672 860 3724 eo
885 3673 954 3746 qno
977 3650 1084 3726 Stoici
1112 3651 1239 3727 vellent

174 3776 278 3856 modo
296 3772 546 3875 comprehendi
568 3780 709 3868 negaret
727 3780 762 3844 et
780 3771 933 3845 Stoicam
955 3773 1237 3870 comprehensio·

211 3994 218 4028 ¹
237 3992 309 4042 Acad
325 4029 332 4051 ,
347 3993 383 4051 ll,
397 3997 411 4041 9
425 3996 450 4041 et
464 3995 502 4040 at.
517 4017 550 4027 —
563 3991 598 4038 ct.
614 3989 707 4039 Luculli
719 3989 808 4048 verba,
822 3989 876 4048 ib.,'
886 4003 908 4037 c.
924 3992 953 4038 11
968 3995 992 4038 et
1006 3993 1045 4039 lt.

209 4082 221 4118 ⁹
237 4084 356 4146 August,
372 4083 469 4132 Contra
490 4080 584 4138 leod,
599 4078 664 4142 ll,§
683 4082 722 4129 lt.
736 4105 770 4115 -
782 4079 817 4126 ct.
833 4080 977 4134 Lucullum,
1000 4077 1093 4136 deod,
1109 4081 1145 4136 ll,
1166 4094 1178 4126 c
1209 4082 1238 4128 lo

178 4179 202 4221 et
215 4175 254 4221 ll.
