2967 4609
766 233 815 304 66

260 377 358 473 quasi
373 399 449 452 mas
465 387 499 450 at
513 377 659 465 semina,
673 377 790 450 anima
805 387 841 450 et
854 398 1003 474 corpus,
1019 377 1180 473 «quibus
1190 378 1327 474 junctis

263 498 418 574 rcoelum
433 507 468 573 et
481 507 571 573 terra
592 498 982 594 omnia-ergenuerunt,
997 498 1091 594 quod
1105 521 1169 595 per
1182 500 1248 573 hos
1262 519 1328 572 na-

262 622 421 695 ‹tura¹.a
436 619 569 705 Quibus
581 618 723 715 quidem
736 643 777 694 ex
789 618 971 716 principiis
980 618 1042 692 illa
1055 619 1231 693 dessuebat
1239 619 1329 716 pris-

260 764 318 816 cas
332 739 515 837 religiones
530 738 675 814 liberius
685 739 937 836 interpretandi
952 738 1057 828 ratio,
1078 762 1147 835 qua
1160 740 1328 821 utebatur

258 862 351 936 idem
366 861 403 934 in
415 860 687 957 Antiquitatibus
699 883 817 933 rerum
830 859 1028 932 diacorum
1038 868 1074 933 et
1087 860 1190 956 cujus
1208 882 1326 938 exem·

258 983 315 1078 pla
327 981 487 1077 quaedam
501 981 538 1054 in
551 980 650 1054 libris
660 981 713 1054 De
727 980 850 1075 lingua
865 980 978 1054 totino
990 980 1218 1076 reperiuntur
1226 983 1252 1052 ².

309 1103 349 1176 ln
362 1125 402 1176 ea
417 1102 523 1198 igitur
534 1100 726 1198 quaestione
739 1124 820 1196 quae
838 1099 966 1174 devita
988 1108 1025 1173 et
1043 1100 1202 1174 moribus
1217 1081 1327 1174 habe-

260 1233 331 1313 tur,
347 1223 456 1297 Varro
471 1222 668 1296 Academiae
685 1221 810 1295 veteris
824 1229 942 1318 partes
960 1219 1076 1316 palam
1090 1220 1328 1316 amplecteba-

259 1354 329 1434 tur,
343 1343 455 1440 reipsa
470 1343 573 1420 istam
593 1341 757 1415 Antiochi
771 1341 923 1414 Stoicam
937 1340 1054 1437 potius
1073 1363 1180 1436 quam
1195 1340 1328 1415 Acade·

260 1465 389 1539 mieam
402 1465 598 1540 doctrinam
615 1472 803 1560 receperat.
818 1463 858 1536 ln
873 1461 1026 1568 physicis
1040 1471 1157 1535 autem
1170 1485 1190 1535 e
1201 1462 1329 1536 Stoicis

259 1595 354 1659 totus
374 1586 563 1683 pendebat;
579 1585 742 1681 aquibus
763 1608 807 1657 ne
829 1583 974 1658 minima
991 1583 1136 1679 quidem
1151 1583 1187 1655 in
1205 1607 1243 1657 re
1254 1582 1329 1655 An-

258 1706 416 1780 tiochum
428 1705 632 1779 dissensisse
647 1704 842 1778 credimus:
858 1704 906 1777 ita
921 1713 962 1776 ut
973 1704 1009 1776 in
1019 1704 1173 1778 Stoicam
1186 1713 1325 1777 senten-

262 1826 363 1916 tiam,
382 1835 417 1900 et
429 1825 512 1899 AElii
533 1834 568 1899 et
582 1824 746 1899 Antiochi
764 1824 986 1914 auctoritate,
1004 1823 1170 1898 Varronis
1187 1823 1328 1897 animus

246 1949 510 2047 ‚impelleretur

311 2165 402 2251 Quid
420 2166 539 2241 Cicero
555 2167 803 2263 magistrorum
818 2188 967 2241 suorum
987 2165 1180 2262 unicuique
1198 2166 1331 2239 debue-

262 2288 307 2361 rit
318 2288 531 2385 perpendere
539 2287 703 2376 tentanti,
716 2287 786 2361 duo
795 2287 944 2359 maxime
957 2286 1107 2374 obstant,
1120 2308 1231 2381 quum
1243 2286 1330 2359 hinc

262 2432 385 2483 eorum
408 2409 478 2483 lere
498 2431 601 2482 nomo
625 2417 727 2482 sectae
751 2431 824 2481 suae
846 2406 1058 2503 peculiarem
1075 2405 1271 2480 doctrinam
1295 2416 1332 2479 et

263 2529 434 2626 integram
449 2528 620 2603 rationem
633 2528 853 2617 retinuisset,
870 2526 968 2600 illinc
988 2525 1124 2616 Cicero,
1139 2526 1175 2598 in
1191 2536 1332 2601 contra-

263 2649 333 2724 rias
357 2657 472 2746 parles
489 2648 667 2746 disputare
688 2647 812 2722 solitus
831 2656 866 2721 et
884 2646 943 2720 illa
957 2646 1109 2743 probans
1124 2669 1201 2742 quae
1222 2646 1334 2720 simil-

263 2770 347 2844 lima
364 2768 434 2843 veri
449 2768 643 2858 videantur,
666 2777 737 2841 non
758 2777 889 2842 certam
907 2767 1096 2863 quamdam
1111 2776 1147 2840 et
1160 2768 1333 2842 constitu·

263 2904 335 2968 tam
351 2892 609 2991 philosophiam
624 2901 768 2965 tutetur.

310 3014 428 3099 Quum
446 3014 493 3087 ita
512 3012 698 3086 Carneadis
716 3023 751 3086 et
763 3011 922 3086 Philonis
936 3010 1138 3085 institutum
1155 3034 1326 3108 sequere·

264 3145 333 3224 tur,
351 3156 463 3231 quum
481 3133 577 3205 illam
595 3142 747 3206 veterem
763 3130 987 3206 Academiam
1005 3131 1112 3229 hujus
1127 3133 1333 3207 recentioris

264 3278 342 3350 quae
354 3253 471 3344 lucem
483 3252 632 3351 eriperet
645 3252 796 3327 etrehus
810 3251 909 3349 quasi
923 3262 1061 3326 noctem
1075 3241 1265 3348 quamdam
1283 3253 1335 3326 ol-

193 3383 196 3388 ‘
263 3377 438 3466 funderet,
452 3376 506 3449 vix
518 3374 724 3449 dissimilem
738 3375 977 3464 arbitraretur,
992 3374 1113 3449 Cicero
1128 3375 1334 3472 longissime

263 3520 407 3595 prorsus
422 3496 466 3570 ab
480 3496 643 3570 Antiochi
658 3496 829 3569 sententia
844 3495 973 3568 aberat.

313 3616 397 3691 lude
412 3616 578 3691 inductus
593 3627 646 3690 est
657 3627 697 3689 ut
707 3615 810 3689 illum
820 3615 1061 3712 impugnaret,
1074 3615 1135 3711 qui
1151 3614 1333 3712 antiquam

264 3737 522 3835 philosophiam
544 3747 580 3812 et
600 3747 694 3811 certa
714 3737 789 3834 ejus
815 3737 977 3833 dogmata
991 3736 1189 3833 proterere,
1205 3745 1240 3811 et
1255 3758 1333 3810 me·
1445 3833 1451 3846 .

265 3859 359 3934 diam
377 3869 412 3933 et
425 3882 550 3934 novam
564 3859 791 3934 Academiam
811 3881 994 3955 aggressus
1008 3868 1100 3949 erat3
1125 3858 1207 3934 inde
1221 3868 1333 3933 uteos

301 4069 307 4104 ¹
325 4070 353 4118 v.
367 4068 382 4134 ἓ
395 4072 440 4130 st,
454 4085 508 4132 sqq.

299 4155 311 4192 ²
326 4156 381 4208 Cio.
394 4157 459 4216 Dei,
473 4158 502 4206 Vl
516 4161 541 4206 et
553 4158 603 4206 Vll.
617 4183 649 4194 -
664 4158 700 4207 De
714 4157 788 4221 Lioq.
804 4158 870 4217 lat,
885 4159 916 4218 V,
932 4161 976 4216 57,
991 4173 1045 4219 sqq.
