2967 4609
680 233 727 305 65

172 382 384 456 Antiochum
402 381 527 470 istum,
548 380 583 452 in
604 380 791 454 Academia
815 381 1122 476 germanissimum
1144 407 1232 480 pene

171 505 344 594 Stoicum,
359 502 458 598 sequi
473 526 510 576 se
524 503 747 600 profiteatur?

222 625 261 698 ln
283 625 325 699 iis
346 648 424 722 quae
444 624 487 697 ad
510 624 651 721 physica
672 625 865 721 pertinent,
892 647 975 699 cum
1000 625 1125 698 Stoicis
1145 649 1232 699 con-

174 746 344 821 sentiebat
377 746 507 835 Varro,
541 756 576 821 et
605 747 772 836 ZenoniS,
802 745 996 836 Cleanthis
1031 747 1233 844 Chrysippi,

174 868 361 966 Antipatri,
391 867 474 940 AElii
503 891 522 939 a
553 890 622 962 quo
659 867 840 941 institutus
866 878 959 957 erat,
991 865 1232 943 auctoritatem

175 989 323 1095 maxime
341 988 544 1085 probabat¹.
562 988 696 1062 Eorum
711 988 821 1062 instar
837 987 1149 1086 quadripartitione
1166 990 1231 1063 ista

175 1109 349 1195 utebatur,
364 1118 404 1181 ut
419 1108 498 1204 quis
517 1119 649 1206 ageret,
664 1110 724 1183 ubi
741 1120 777 1183 et
790 1110 932 1205 quando
950 1110 1083 1206 etquid
1098 1121 1234 1206 ageret,

175 1229 323 1304 inomni
339 1252 376 1303 re
387 1230 622 1326 exquireret2;
638 1230 793 1305 animam
809 1230 846 1303 in
864 1241 1007 1305 octonas
1023 1240 1136 1328 partes
1152 1231 1235 1304 divi-

175 1350 312 1440 debatl,
333 1373 483 1445 quarum
503 1351 739 1448 principatum
764 1375 804 1425 ea
831 1375 912 1449 pars
935 1352 1129 1442 obtinebat,
1144 1365 1233 1449 'quae

176 1480 356 1577 cogitatio,
371 1480 475 1569 ratio,
488 1474 696 1575 ἡγεμονικὸν
710 1479 871 1553 dicitur‘.

226 1600 309 1686 Quae
331 1611 447 1676 autem
465 1601 510 1675 sit
534 1600 643 1674 animi
663 1612 809 1692 natura,
828 1603 915 1699 quid
937 1604 982 1677 sit
1001 1603 1118 1677 anima
1138 1614 1173 1678 et
1197 1603 1234 1675 in

70 1797 75 1818 ,
177 1722 320 1797 homine
338 1722 424 1796 etin
441 1722 696 1812 mundo,satis
715 1723 902 1821 Augustini
919 1724 1022 1799 verba
1039 1725 1232 1798 declarant:

178 1843 316 1917 «Varro
330 1843 564 1917 arbitrabatur
574 1844 686 1917 Deum
703 1867 779 1917 esse
797 1844 951 1917 animam
969 1844 1113 1933 mundi,
1129 1868 1234 1940 quem

179 1973 316 2046 «Graeci
335 1966 472 2064 κόσμον
492 1982 634 2061 vocant,
655 1982 690 2046 et
709 1974 805 2046 hunc
827 1973 944 2070 ipsum
966 1973 1141 2045 mundum
1159 1995 1252 2045 esse.

181 2094 334 2184 «Deum;
361 2094 421 2168 sed
444 2093 537 2167 sicut
557 2093 737 2167 hominem
762 2094 975 2190 sapientem,
992 2118 1104 2191 quum
1126 2094 1172 2168 sit
1194 2117 1234 2167 ex

180 2238 350 2311 «corpore
366 2224 401 2288 et
412 2214 546 2303 animo,
562 2224 679 2288 tamen
692 2214 735 2288 ab
749 2214 866 2289 animo
877 2214 946 2288 dici
957 2215 1171 2312 sapientem,
1189 2215 1234 2287 ita

178 2336 381 2410 «mundum
395 2336 506 2410 Deum
522 2335 589 2409 dici
605 2336 648 2408 ab
664 2336 803 2425 animo,
818 2358 928 2430 quum
947 2320 993 2408 sit
1010 2309 1187 2411 exanimo
1202 2348 1237 2409 et

179 2480 360 2553 «corpore.
384 2456 449 2531 Hic
478 2457 613 2530 videtur
635 2480 776 2553 quoquo
801 2458 904 2530 modo
936 2457 1093 2531 confiteri
1123 2480 1234 2529 unum

179 2578 332 2670 «Deum,
344 2578 405 2652 sed
419 2589 458 2651 ut
473 2578 591 2675 plures
606 2578 710 2651 etiam
728 2578 945 2668 introducat,
959 2578 1119 2675 adjungit
1133 2601 1236 2652 mun-

179 2729 195 2770 «
206 2701 291 2774 dum
309 2700 414 2774 dividi
431 2701 466 2773 in
483 2701 570 2774 duas
590 2711 727 2798 partes,
745 2702 874 2776 coelum
891 2711 926 2776 et
942 2711 1091 2790 terram,
1109 2710 1143 2775 et
1164 2723 1235 2773 coe-

178 2822 282 2895 «lum
294 2822 453 2896 bilariam
469 2822 505 2894 in
517 2823 647 2896 aethera
660 2833 694 2895 et
708 2846 808 2911 aera,
822 2833 950 2896 terram
961 2844 1040 2894 vero
1056 2822 1092 2892 in
1108 2843 1234 2917 aquam

178 2953 239 3018 «et
250 2945 445 3033 humum;e
462 2942 591 3039 quibus
602 2964 783 3015 summum
793 2965 867 3016 esse
878 2944 1024 3031 aethera,
1040 2941 1245 3015 secundum

179 3086 306 3153 caera,
327 3062 464 3137 tertiam
485 3085 633 3157 aquam,
654 3062 813 3136 infimam
833 3072 983 3152 torram;
1005 3085 1092 3159 quas
1113 3084 1235 3136 omnes

179 3194 321 3281 «partes
336 3194 486 3280 quatuor
499 3183 698 3257 animarum
708 3206 784 3257 esse
799 3183 919 3281 plenas
934 3240 943 3273 ,
956 3183 992 3255 in
1008 3185 1136 3258 aethere
1150 3193 1185 3255 et
1199 3182 1233 3254 in

179 3327 283 3378 «aere
298 3304 566 3393 immortalium,
582 3304 617 3376 in
633 3326 722 3399 aqua
736 3314 771 3377 et
786 3304 821 3376 iu
839 3313 931 3378 terra
946 3303 1146 3377 mortalium
1158 3306 1233 3374 ⁵...»

225 3425 327 3499 Haud
344 3424 444 3498 aliter
458 3424 495 3497 in
510 3424 599 3498 libro
614 3425 665 3497 De
680 3424 802 3518 linquo
815 3425 927 3498 totino
939 3424 1046 3497 Varro
1059 3424 1235 3519 duplicem

177 3544 261 3619 dicit
275 3568 350 3619 esse
366 3567 508 3619 causam
530 3545 695 3619 nascendi
719 3545 835 3640 ignem
850 3556 886 3619 et
898 3569 1045 3642 aquam,
1065 3568 1143 3640 quae
1167 3545 1237 3617 sint

212 3805 218 3840 ¹
235 3806 273 3856 De
287 3805 361 3871 Linp.
375 3803 422 3855 lut.
438 3804 538 3867 passim.
554 3831 583 3842 -
597 3806 674 3869 hug„
690 3803 745 3854 Cio.
762 3803 818 3855 Dei.
832 3803 862 3851 Vl
875 3806 900 3851 et
912 3803 961 3850 vu.

210 3890 222 3928 ²
237 3894 275 3943 Dc
288 3894 362 3958 [λης.
378 3893 442 3953 lot,
456 3893 488 3952 v,
503 3896 543 3942 ll.
556 3919 589 3929 -
601 3894 678 3957 hug„
695 3892 749 3942 civ.
766 3891 821 3942 Dei.
837 3892 882 3948 vl,
896 3895 920 3937 3.

208 3980 275 4032 ³110
287 3982 363 4047 [λης.
377 3982 441 4043 lot,
455 3984 500 4041 lll,
514 3981 529 4046 §
543 3987 582 4031 3⁰.

207 4071 220 4107 ⁴
235 4073 271 4120 lb.
287 4075 312 4120 et
326 4070 380 4122 Cio.
395 4072 452 4121 Dei.
467 4073 524 4130 Vll,
538 4086 560 4119 e.
576 4074 615 4119 23.

208 4159 270 4210 ⁵Ex
284 4165 344 4211 Ant.
360 4175 410 4211 rcr.
425 4160 477 4210 div.
493 4161 517 4209 in
531 4161 586 4212 Cio.
603 4160 658 4210 Del.
673 4161 727 4220 vll,
742 4176 763 4208 c.
779 4164 803 4209 u.
