2967 4609
637 188 790 261 ·oo

239 333 370 432 exiguis
390 335 544 409 malis·et
555 357 659 431 porro
675 333 842 408 minimis.
861 333 974 419 Quam
991 333 1082 409 Zeno
1099 355 1302 434 praeponen-

239 457 321 528 dam
333 467 367 531 et
379 457 488 553 magis
501 456 916 553 eligendam,beatiorem
927 458 1019 530 hanc
1030 457 1136 531 vitam
1147 457 1300 554 appello:
1324 475 1325 478 ’

240 599 304 651 nec
327 578 398 651 ullo
420 578 567 652 minimo
590 587 769 652 momento
792 577 871 674 plus
884 577 927 651 'ei
948 578 1024 651 vitae
1045 578 1178 666 tribuo,
1195 600 1302 675 quam

239 697 377 771 Stoicis
1305 793 1311 802 ς

289 818 362 892 «At
377 820 490 910 enim,
506 843 575 922 qua
590 819 627 891 in
641 818 709 922 vita
723 829 777 893 est
790 818 923 916 aliquid
938 819 1037 910 mali,
1052 842 1092 893 ea
1111 841 1187 893 esse
1201 820 1302 893 beata

239 962 309 1012 non
327 940 455 1036 potest!
478 940 530 1014 Ne
546 963 644 1037 seges
664 919 808 1036 quidem
825 940 932 1036 igitur
954 941 1059 1038 spicis
1082 940 1249 1015 uberibus
1263 948 1306 1013 wet

239 1061 382 1150 crebris,
397 1061 426 1134 si
442 1085 585 1135 avenam
601 1062 739 1159 uspiam
752 1061 894 1152 videris3
910 1085 975 1135 neo
986 1051 1181 1135 mercatura
1191 1083 1306 1157 quaes·

239 1191 353 1272 tuosa,
377 1182 406 1254 si
430 1181 466 1254 iu
488 1183 648 1280 maximis
666 1183 773 1256 lucris
789 1206 920 1280 parum
930 1182 1062 1277 aliquid
1079 1182 1199 1255 damni
1218 1205 1304 1256 con-

239 1301 389 1375 traxerit.
406 1298 489 1388 Quis
504 1314 607 1399 neget
621 1325 715 1377 exeo
730 1295 1006 1398 quod'maximas
1020 1312 1135 1400 partes
1148 1303 1305 1376 'continet

238 1421 475 1519 latissimeque
493 1424 669 1518 funditur,
688 1434 796 1498 totam
818 1447 893 1498 rem
910 1424 1102 1521 appellari?
1116 1424 1231 1513 vires,
1245 1448 1303 1503 va:

239 1541 373 1632 letud0,
388 1544 531 1633 diuitiae,
543 1546 713 1635 bonorem
728 1545 854 1640 gloria,
866 1545 971 1618 etiam
984 1545 1013 1617 si
1026 1568 1094 1640 qua
1107 1567 1186 1641 pars
1201 1544 1303 1634 absit,

238 1686 382 1758 genere,
402 1688 472 1737 non
492 1661 657 1754 numero,
678 1675 898 1738 cernuntur:
924 1665 960 1737 in
980 1665 1048 1739 vita
1069 1675 1187 1739 autem
1210 1676 1245 1739 et
1266 1666 1303 1738 in

159 1804 162 1810 ’
239 1784 344 1859 rebus
359 1786 544 1875 humanis
562 1786 608 1860 ita
623 1787 811 1860 maximam
826 1798 962 1884 partem
977 1787 1111 1861 obtinet
1123 1787 1251 1877 virtue,
1265 1797 1305 1860 ut

239 1908 314 2005 ejus
338 1909 580 2006 magnitudine
602 1910 694 1983 mala
721 1910 839 1983 omniu
861 1909 1076 2001 obriuantur3
1097 1910 1182 1984 item
1205 1912 1304 1984 beata
1412 1943 1415 1948 ·

239 2028 323 2118 vita,
335 2029 440 2104 etiam
454 2031 483 2104 si
497 2055 538 2104 ex
549 2031 665 2127 aliqua
681 2040 777 2128 parte
794 2031 986 2120 clauderet,
1003 2041 1120 2105 tamen
1136 2054 1176 2120 ex
1191 2032 1303 2105 multo

239 2151 369 2247 majore
382 2143 483 2246 ¹parte.
494 2152 667 2225 obtineret
680 2175 809 2228 nomen
823 2156 960 2225 suuml.
1039 2178 1042 2184 ·

287 2271 434 2355 «Quum
460 2253 599 2363 autem,
624 2273 756 2352 ubisit
778 2273 914 2345 virtutis
943 2273 1058 2347 divina
1083 2275 1303 2370 praestantia,

239 2416 314 2467 esse
334 2392 474 2467 miseria
491 2404 525 2467 et
542 2417 699 2468 arumna
718 2417 789 2467 non
804 2394 929 2490 possit,
943 2405 1061 2469 tamen
1080 2395 1178 2469 labor
1194 2396 1305 2492 possit

239 2514 274 2587 et
292 2515 468 2605 molestia3
489 2539 561 2589 non
580 2515 700 2588 dubito
719 2515 853 2619 dicere,
870 2538 993 2589 omnes
1012 2516 1185 2613 sapientes
1207 2541 1302 2591 sem-

238 2658 300 2740 per
317 2634 550 2726 beatos'esso,
570 2637 631 2709 sed
650 2646 768 2709 tamen
788 2636 863 2709 fieri
881 2660 1003 2733 posse,
1020 2647 1059 2710 ut
1073 2637 1117 2711 sit
1132 2638 1220 2730 alius
1235 2639 1303 2713 alio

239 2755 435 2829 beatior3.»
500 2831 505 2838 ,
867 2839 870 2844 ,
1101 2831 1108 2844 ,

286 2878 465 2956 Hactenus
484 2878 636 2974 antiquae
659 2878 887 2976 philosophiae
906 2880 1017 2977 magis
1041 2904 1147 2976 quam
1167 2880 1299 2958 Stoico·

239 3025 319 3075 rum
341 3002 455 3075 affinis
476 3025 570 3092 esse,
595 3025 667 3082 suae
686 2983 854 3076 doctrinae
874 3001 1046 3075 elementa
1068 3027 1088 3075 a
1113 3003 1303 3079 Polemone

235 3123 425 3221 accepisse,
440 3132 474 3195 et
488 3122 723 3196 recentiorum
736 3122 934 3196 Stoicorum
950 3133 1179 3220 temperatam
1194 3126 1315 3199 disci-⁴

237 3244 370 3342 plinam
391 3243 490 3339 sequi
507 3241 653 3327 videtur⁴
663 3242 879 3317 Antiochus:
904 3243 950 3318 ita
971 3246 1165 3335 Zenonem,
1183 3247 1302 3320 virtuti

153 3345 155 3348 V
237 3366 317 3463 plus
332 3365 544 3438 tribuentem
559 3387 665 3460 quam
678 3375 802 3437 natura
817 3365 980 3461 patiatur,
994 3368 1237 3462 reprehendit,
1252 3379 1302 3459 et,

237 3486 420 3560 ambitiosa
434 3486 613 3576 recidens,
632 3487 831 3560 Stoicorum
852 3485 940 3559 illud
962 3487 1162 3579 decretum,
1184 3490 1301 3563 omnia

227 3607 379 3705 ,pedcata
393 3631 468 3681 esse
483 3609 594 3706 paria,
609 3590 919 3698 vehementissime*
931 3607 1168 3705 improbavitl.

271 3876 362 3936 *Piso,
379 3878 415 3925 Dc
429 3875 483 3926 Flo
500 3914 507 3936 ,
523 3878 555 3937 v,
571 3881 616 3936 26,
631 3880 672 3926 29.

268 3964 281 4001 2
297 3967 386 4025 Taso,
401 3968 432 4025 ll,
448 3969 472 4014 8.
485 3985 518 3995 -
531 3964 566 4014 cf.
581 3966 709 4025 Pisonem,
725 3967 762 4015 De
776 3966 855 4026 Flu,
870 3966 902 4026 V,
918 3969 958 4013 30.

270 4052 283 4091 3
297 4056 364 4116 Piso,
382 4057 418 4104 Do
432 4055 513 4128 Flu,
526 4056 558 4115 V,
575 4059 613 4104 32.

269 4143 282 4181 4
296 4143 393 4204 deod,
407 4146 444 4203 ll,
459 4147 499 4191 tt.
