<?xml version="1.0" encoding="UTF-8"?>
<!DOCTYPE html PUBLIC "-//W3C//DTD XHTML 1.0 Transitional//EN"
    "http://www.w3.org/TR/xhtml1/DTD/xhtml1-transitional.dtd">
<html xmlns="http://www.w3.org/1999/xhtml" xml:lang="en" lang="en">
 <head>
  <title>
</title>
<meta http-equiv="Content-Type" content="text/html;charset=utf-8" />
  <meta name='ocr-system' content='tesseract 3.04.00' />
  <meta name='ocr-capabilities' content='ocr_page ocr_carea ocr_par ocr_line ocrx_word'/>
</head>
<body>
  <div class='ocr_page' id='page_1' title='image "./deantiochiascal00chapgoog_0069.png"; bbox 0 0 2967 4609; ppageno 0'>
   <div class='ocr_carea' id='block_1_1' title="bbox 162 212 1321 2259">
    <p class='ocr_par' dir='ltr' id='par_1_1' title="bbox 674 212 721 286">
     <span class='ocr_line' id='line_1_1' title="bbox 674 212 721 286; baseline 0.021 -1"><span class='ocrx_word' id='word_1_1' title='bbox 674 212 721 286; x_wconf 78' lang='lat' dir='ltr'>le</span> 
     </span>
    </p>

    <p class='ocr_par' dir='ltr' id='par_1_2' title="bbox 162 355 1321 1794">
     <span class='ocr_line' id='line_1_2' title="bbox 214 355 1227 453; baseline -0.002 -21"><span class='ocrx_word' id='word_1_2' title='bbox 214 360 344 433; x_wconf 80' lang='lat' dir='ltr'><strong>Omnes</strong></span> <span class='ocrx_word' id='word_1_3' title='bbox 354 357 438 431; x_wconf 89' lang='lat' dir='ltr'>istas</span> <span class='ocrx_word' id='word_1_4' title='bbox 451 357 495 430; x_wconf 90' lang='lat' dir='ltr'>ad</span> <span class='ocrx_word' id='word_1_5' title='bbox 510 356 658 452; x_wconf 81' lang='lat' dir='ltr'>logicam</span> <span class='ocrx_word' id='word_1_6' title='bbox 673 367 783 431; x_wconf 76' lang='lat' dir='ltr'>armm</span> <span class='ocrx_word' id='word_1_7' title='bbox 793 357 1006 453; x_wconf 77' lang='lat' dir='ltr'>pertinentes</span> <span class='ocrx_word' id='word_1_8' title='bbox 1019 355 1227 445; x_wconf 59' lang='lat' dir='ltr'>sententias</span> 
     </span>
     <span class='ocr_line' id='line_1_3' title="bbox 164 482 1321 581; baseline 0.003 -25"><span class='ocrx_word' id='word_1_9' title='bbox 164 507 250 581; x_wconf 91' lang='lat' dir='ltr'>quas</span> <span class='ocrx_word' id='word_1_10' title='bbox 265 482 414 558; x_wconf 85' lang='lat' dir='ltr'>Antochi</span> <span class='ocrx_word' id='word_1_11' title='bbox 428 482 673 557; x_wconf 85' lang='lat' dir='ltr'>luisseveteres</span> <span class='ocrx_word' id='word_1_12' title='bbox 685 482 906 556; x_wconf 86' lang='lat' dir='ltr'>tradiderunt</span> <span class='ocrx_word' id='word_1_13' title='bbox 919 492 1050 578; x_wconf 90' lang='lat' dir='ltr'>etquas</span> <span class='ocrx_word' id='word_1_14' title='bbox 1065 482 1179 556; x_wconf 89' lang='lat' dir='ltr'>lusius</span> <span class='ocrx_word' id='word_1_15' title='bbox 1193 492 1228 556; x_wconf 93' lang='lat' dir='ltr'>et</span> <span class='ocrx_word' id='word_1_16' title='bbox 1247 539 1250 554; x_wconf 22' lang='grc' dir='ltr'><em>Δ</em></span> <span class='ocrx_word' id='word_1_17' title='bbox 1319 557 1321 560; x_wconf 81' lang='grc'><strong>,</strong></span> 
     </span>
     <span class='ocr_line' id='line_1_4' title="bbox 165 603 1228 701; baseline -0.003 -21"><span class='ocrx_word' id='word_1_18' title='bbox 165 605 308 680; x_wconf 90' lang='lat' dir='ltr'>uberius</span> <span class='ocrx_word' id='word_1_19' title='bbox 323 604 463 701; x_wconf 84' lang='lat' dir='ltr'>exponit</span> <span class='ocrx_word' id='word_1_20' title='bbox 473 603 643 679; x_wconf 84' lang='lat' dir='ltr'>Lucullus</span> <span class='ocrx_word' id='word_1_21' title='bbox 655 603 692 677; x_wconf 92' lang='lat' dir='ltr'>in</span> <span class='ocrx_word' id='word_1_22' title='bbox 705 604 938 691; x_wconf 79' lang='lat' dir='ltr'>Academicis,</span> <span class='ocrx_word' id='word_1_23' title='bbox 955 603 1062 677; x_wconf 82' lang='lat' dir='ltr'>Stoici</span> <span class='ocrx_word' id='word_1_24' title='bbox 1078 625 1141 701; x_wconf 92' lang='lat' dir='ltr'>pro</span> <span class='ocrx_word' id='word_1_25' title='bbox 1155 603 1228 677; x_wconf 90' lang='lat' dir='ltr'>suis</span> 
     </span>
     <span class='ocr_line' id='line_1_5' title="bbox 164 722 1230 823; baseline -0.004 -22"><span class='ocrx_word' id='word_1_26' title='bbox 164 749 204 801; x_wconf 90' lang='lat' dir='ltr'>ac</span> <span class='ocrx_word' id='word_1_27' title='bbox 218 726 369 823; x_wconf 89' lang='lat' dir='ltr'>propriis</span> <span class='ocrx_word' id='word_1_28' title='bbox 384 725 450 799; x_wconf 90' lang='lat' dir='ltr'>sibi</span> <span class='ocrx_word' id='word_1_29' title='bbox 464 725 639 799; x_wconf 87' lang='lat' dir='ltr'>vindicare</span> <span class='ocrx_word' id='word_1_30' title='bbox 656 735 825 823; x_wconf 86' lang='lat' dir='ltr'>poterant.</span> <span class='ocrx_word' id='word_1_31' title='bbox 842 726 962 822; x_wconf 90' lang='lat' dir='ltr'>Itaque</span> <span class='ocrx_word' id='word_1_32' title='bbox 975 722 1099 799; x_wconf 84' lang='lat' dir='ltr'>Sextus</span> <span class='ocrx_word' id='word_1_33' title='bbox 1111 724 1230 821; x_wconf 84' lang='lat' dir='ltr'>Empi-</span> 
     </span>
     <span class='ocr_line' id='line_1_6' title="bbox 165 845 1231 921; baseline -0.001 -2"><span class='ocrx_word' id='word_1_34' title='bbox 165 848 258 921; x_wconf 90' lang='lat' dir='ltr'>ricus</span> <span class='ocrx_word' id='word_1_35' title='bbox 271 847 485 920; x_wconf 84' lang='lat' dir='ltr'>Antiochum</span> <span class='ocrx_word' id='word_1_36' title='bbox 497 856 669 921; x_wconf 90' lang='lat' dir='ltr'>memorat</span> <span class='ocrx_word' id='word_1_37' title='bbox 678 846 877 921; x_wconf 90' lang='lat' dir='ltr'>Stoicorum</span> <span class='ocrx_word' id='word_1_38' title='bbox 890 846 1086 920; x_wconf 81' lang='lat' dir='ltr'>doctrinam</span> <span class='ocrx_word' id='word_1_39' title='bbox 1098 846 1135 918; x_wconf 93' lang='lat' dir='ltr'>in</span> <span class='ocrx_word' id='word_1_40' title='bbox 1145 845 1231 920; x_wconf 89' lang='lat' dir='ltr'>Aca-</span> 
     </span>
     <span class='ocr_line' id='line_1_7' title="bbox 164 968 1228 1068; baseline -0.002 -24"><span class='ocrx_word' id='word_1_41' title='bbox 164 970 315 1044; x_wconf 83' lang='lat' dir='ltr'>demiam</span> <span class='ocrx_word' id='word_1_42' title='bbox 335 969 574 1059; x_wconf 82' lang='lat' dir='ltr'>transtulisse,</span> <span class='ocrx_word' id='word_1_43' title='bbox 592 970 678 1044; x_wconf 86' lang='lat' dir='ltr'>adeo</span> <span class='ocrx_word' id='word_1_44' title='bbox 700 979 739 1044; x_wconf 86' lang='lat' dir='ltr'>ut</span> <span class='ocrx_word' id='word_1_45' title='bbox 759 969 1055 1044; x_wconf 81' lang='lat' dir='ltr'>dicereturillum</span> <span class='ocrx_word' id='word_1_46' title='bbox 1081 969 1118 1041; x_wconf 91' lang='lat' dir='ltr'>in</span> <span class='ocrx_word' id='word_1_47' title='bbox 1136 968 1228 1068; x_wconf 71' lang='lat' dir='ltr'>Aca7</span> 
     </span>
     <span class='ocr_line' id='line_1_8' title="bbox 165 1090 1230 1188; baseline -0.003 -23"><span class='ocrx_word' id='word_1_48' title='bbox 165 1092 279 1166; x_wconf 89' lang='lat' dir='ltr'>demia</span> <span class='ocrx_word' id='word_1_49' title='bbox 308 1091 424 1165; x_wconf 91' lang='lat' dir='ltr'>Stoico</span> <span class='ocrx_word' id='word_1_50' title='bbox 457 1114 553 1165; x_wconf 92' lang='lat' dir='ltr'>more</span> <span class='ocrx_word' id='word_1_51' title='bbox 587 1091 870 1188; x_wconf 90' lang='lat' dir='ltr'>philosophari¹;</span> <span class='ocrx_word' id='word_1_52' title='bbox 898 1100 933 1164; x_wconf 91' lang='lat' dir='ltr'>et</span> <span class='ocrx_word' id='word_1_53' title='bbox 963 1090 1083 1164; x_wconf 83' lang='lat' dir='ltr'>Cicero</span> <span class='ocrx_word' id='word_1_54' title='bbox 1118 1113 1230 1186; x_wconf 88' lang='lat' dir='ltr'>quum</span> 
     </span>
     <span class='ocr_line' id='line_1_9' title="bbox 165 1212 1232 1310; baseline -0.003 -24"><span class='ocrx_word' id='word_1_55' title='bbox 165 1213 313 1287; x_wconf 90' lang='lat' dir='ltr'>Lucullo</span> <span class='ocrx_word' id='word_1_56' title='bbox 329 1213 533 1309; x_wconf 88' lang='lat' dir='ltr'>respondet,</span> <span class='ocrx_word' id='word_1_57' title='bbox 548 1235 687 1310; x_wconf 90' lang='lat' dir='ltr'>semper</span> <span class='ocrx_word' id='word_1_58' title='bbox 697 1212 798 1308; x_wconf 87' lang='lat' dir='ltr'>quasi</span> <span class='ocrx_word' id='word_1_59' title='bbox 814 1212 850 1286; x_wconf 91' lang='lat' dir='ltr'>in</span> <span class='ocrx_word' id='word_1_60' title='bbox 863 1212 959 1286; x_wconf 91' lang='lat' dir='ltr'>omni</span> <span class='ocrx_word' id='word_1_61' title='bbox 972 1221 1070 1308; x_wconf 90' lang='lat' dir='ltr'>parte</span> <span class='ocrx_word' id='word_1_62' title='bbox 1085 1234 1232 1285; x_wconf 90' lang='lat' dir='ltr'>consen·</span> 
     </span>
     <span class='ocr_line' id='line_1_10' title="bbox 164 1332 1230 1430; baseline 0 -23"><span class='ocrx_word' id='word_1_63' title='bbox 164 1334 288 1409; x_wconf 87' lang='lat' dir='ltr'>tientes</span> <span class='ocrx_word' id='word_1_64' title='bbox 303 1333 518 1408; x_wconf 80' lang='lat' dir='ltr'>Antiochum</span> <span class='ocrx_word' id='word_1_65' title='bbox 534 1333 639 1408; x_wconf 90' lang='lat' dir='ltr'>simul</span> <span class='ocrx_word' id='word_1_66' title='bbox 661 1343 695 1408; x_wconf 90' lang='lat' dir='ltr'>et</span> <span class='ocrx_word' id='word_1_67' title='bbox 713 1334 847 1408; x_wconf 90' lang='lat' dir='ltr'>Stoicos</span> <span class='ocrx_word' id='word_1_68' title='bbox 861 1333 1092 1430; x_wconf 77' lang='lat' dir='ltr'>impugnare,</span> <span class='ocrx_word' id='word_1_69' title='bbox 1107 1332 1150 1407; x_wconf 94' lang='lat' dir='ltr'>ab</span> <span class='ocrx_word' id='word_1_70' title='bbox 1170 1333 1230 1407; x_wconf 92' lang='lat' dir='ltr'>illo</span> 
     </span>
     <span class='ocr_line' id='line_1_11' title="bbox 167 1454 1232 1553; baseline -0.001 -24"><span class='ocrx_word' id='word_1_71' title='bbox 167 1456 292 1552; x_wconf 75' lang='lat' dir='ltr'>querit</span> <span class='ocrx_word' id='word_1_72' title='bbox 306 1479 375 1551; x_wconf 88' lang='lat' dir='ltr'>quo</span> <span class='ocrx_word' id='word_1_73' title='bbox 390 1455 533 1529; x_wconf 90' lang='lat' dir='ltr'>tandem</span> <span class='ocrx_word' id='word_1_74' title='bbox 548 1455 652 1531; x_wconf 89' lang='lat' dir='ltr'>modo</span> <span class='ocrx_word' id='word_1_75' title='bbox 668 1455 713 1530; x_wconf 90' lang='lat' dir='ltr'>sit</span> <span class='ocrx_word' id='word_1_76' title='bbox 725 1456 853 1530; x_wconf 86' lang='lat' dir='ltr'>Noster</span> <span class='ocrx_word' id='word_1_77' title='bbox 866 1456 942 1553; x_wconf 88' lang='lat' dir='ltr'>ejus</span> <span class='ocrx_word' id='word_1_78' title='bbox 955 1454 1152 1529; x_wconf 82' lang='lat' dir='ltr'>Academiae</span> <span class='ocrx_word' id='word_1_79' title='bbox 1168 1477 1232 1528; x_wconf 92' lang='lat' dir='ltr'>cu·</span> 
     </span>
     <span class='ocr_line' id='line_1_12' title="bbox 162 1575 1230 1675; baseline 0 -26"><span class='ocrx_word' id='word_1_80' title='bbox 162 1578 221 1675; x_wconf 89' lang='lat' dir='ltr'>jus</span> <span class='ocrx_word' id='word_1_81' title='bbox 242 1599 317 1651; x_wconf 90' lang='lat' dir='ltr'>esse</span> <span class='ocrx_word' id='word_1_82' title='bbox 337 1600 374 1651; x_wconf 88' lang='lat' dir='ltr'>se</span> <span class='ocrx_word' id='word_1_83' title='bbox 394 1577 616 1674; x_wconf 87' lang='lat' dir='ltr'>profiteatur:</span> <span class='ocrx_word' id='word_1_84' title='bbox 645 1577 889 1667; x_wconf 58' lang='lat' dir='ltr'>«Antiochus</span> <span class='ocrx_word' id='word_1_85' title='bbox 914 1576 978 1667; x_wconf 89' lang='lat' dir='ltr'>ait,</span> <span class='ocrx_word' id='word_1_86' title='bbox 996 1600 1016 1650; x_wconf 91' lang='lat' dir='ltr'>a</span> <span class='ocrx_word' id='word_1_87' title='bbox 1037 1575 1230 1673; x_wconf 72' lang='lat' dir='ltr'>Chrysippo</span> 
     </span>
     <span class='ocr_line' id='line_1_13' title="bbox 168 1698 577 1794; baseline 0.002 -26"><span class='ocrx_word' id='word_1_88' title='bbox 168 1724 185 1768; x_wconf 77' lang='lat' dir='ltr'>a</span> <span class='ocrx_word' id='word_1_89' title='bbox 194 1698 319 1794; x_wconf 88' lang='lat' dir='ltr'>pedem</span> <span class='ocrx_word' id='word_1_90' title='bbox 335 1700 577 1793; x_wconf 79' lang='lat' dir='ltr'>nunqrram².&gt;›</span> 
     </span>
    </p>

    <p class='ocr_par' dir='ltr' id='par_1_3' title="bbox 169 1795 1233 2259">
     <span class='ocr_line' id='line_1_14' title="bbox 213 1795 1230 1915; baseline -0.003 -22"><span class='ocrx_word' id='word_1_91' title='bbox 213 1795 380 1893; x_wconf 85' lang='lat' dir='ltr'>blemoria</span> <span class='ocrx_word' id='word_1_92' title='bbox 397 1828 579 1893; x_wconf 87' lang='lat' dir='ltr'>teneamus</span> <span class='ocrx_word' id='word_1_93' title='bbox 593 1818 766 1893; x_wconf 91' lang='lat' dir='ltr'>Antiocho</span> <span class='ocrx_word' id='word_1_94' title='bbox 786 1819 935 1915; x_wconf 80' lang='lat' dir='ltr'>logicam</span> <span class='ocrx_word' id='word_1_95' title='bbox 954 1828 1065 1892; x_wconf 85' lang='lat' dir='ltr'>artem</span> <span class='ocrx_word' id='word_1_96' title='bbox 1082 1842 1153 1893; x_wconf 92' lang='lat' dir='ltr'>non</span> <span class='ocrx_word' id='word_1_97' title='bbox 1167 1841 1230 1915; x_wconf 90' lang='lat' dir='ltr'>per</span> 
     </span>
     <span class='ocr_line' id='line_1_15' title="bbox 169 1939 1232 2036; baseline -0.003 -20"><span class='ocrx_word' id='word_1_98' title='bbox 169 1963 207 2016; x_wconf 90' lang='lat' dir='ltr'>se</span> <span class='ocrx_word' id='word_1_99' title='bbox 217 1941 329 2036; x_wconf 87' lang='lat' dir='ltr'>ipsam</span> <span class='ocrx_word' id='word_1_100' title='bbox 342 1939 532 2036; x_wconf 85' lang='lat' dir='ltr'>placuisse:</span> <span class='ocrx_word' id='word_1_101' title='bbox 548 1939 605 2013; x_wconf 91' lang='lat' dir='ltr'>illa</span> <span class='ocrx_word' id='word_1_102' title='bbox 621 1948 758 2013; x_wconf 88' lang='lat' dir='ltr'>tanturn</span> <span class='ocrx_word' id='word_1_103' title='bbox 776 1940 940 2015; x_wconf 86' lang='lat' dir='ltr'>utebatur</span> <span class='ocrx_word' id='word_1_104' title='bbox 960 1950 1001 2012; x_wconf 92' lang='lat' dir='ltr'>ut</span> <span class='ocrx_word' id='word_1_105' title='bbox 1015 1939 1057 2012; x_wconf 91' lang='lat' dir='ltr'>iis</span> <span class='ocrx_word' id='word_1_106' title='bbox 1072 1940 1232 2013; x_wconf 88' lang='lat' dir='ltr'>adversa-</span> 
     </span>
     <span class='ocr_line' id='line_1_16' title="bbox 171 2061 1233 2159; baseline 0.001 -25"><span class='ocrx_word' id='word_1_107' title='bbox 171 2071 267 2135; x_wconf 89' lang='lat' dir='ltr'>retur</span> <span class='ocrx_word' id='word_1_108' title='bbox 281 2062 339 2157; x_wconf 90' lang='lat' dir='ltr'>qui</span> <span class='ocrx_word' id='word_1_109' title='bbox 354 2062 611 2159; x_wconf 89' lang='lat' dir='ltr'>philosophiam</span> <span class='ocrx_word' id='word_1_110' title='bbox 626 2072 778 2136; x_wconf 87' lang='lat' dir='ltr'>evertere</span> <span class='ocrx_word' id='word_1_111' title='bbox 795 2071 830 2136; x_wconf 90' lang='lat' dir='ltr'>et</span> <span class='ocrx_word' id='word_1_112' title='bbox 844 2061 1047 2137; x_wconf 91' lang='lat' dir='ltr'>clarissimis</span> <span class='ocrx_word' id='word_1_113' title='bbox 1063 2062 1169 2135; x_wconf 92' lang='lat' dir='ltr'>rebus</span> <span class='ocrx_word' id='word_1_114' title='bbox 1184 2071 1233 2135; x_wconf 79' lang='lat' dir='ltr'>te</span> 
     </span>
     <span class='ocr_line' id='line_1_17' title="bbox 171 2182 1232 2259; baseline 0.001 -3"><span class='ocrx_word' id='word_1_115' title='bbox 171 2182 296 2256; x_wconf 91' lang='lat' dir='ltr'>nebras</span> <span class='ocrx_word' id='word_1_116' title='bbox 322 2184 496 2258; x_wconf 88' lang='lat' dir='ltr'>obducere</span> <span class='ocrx_word' id='word_1_117' title='bbox 518 2184 780 2259; x_wconf 84' lang='lat' dir='ltr'>conabantur³:</span> <span class='ocrx_word' id='word_1_118' title='bbox 802 2183 898 2258; x_wconf 91' lang='lat' dir='ltr'>illam</span> <span class='ocrx_word' id='word_1_119' title='bbox 923 2183 1112 2258; x_wconf 90' lang='lat' dir='ltr'>adhibebat</span> <span class='ocrx_word' id='word_1_120' title='bbox 1130 2193 1171 2256; x_wconf 90' lang='lat' dir='ltr'>ut</span> <span class='ocrx_word' id='word_1_121' title='bbox 1196 2183 1232 2257; x_wconf 92' lang='lat' dir='ltr'>in</span> 
     </span>
    </p>
   </div>
   <div class='ocr_carea' id='block_1_2' title="bbox 129 2287 1233 3136">
    <p class='ocr_par' dir='ltr' id='par_1_4' title="bbox 129 2287 1233 3136">
     <span class='ocr_line' id='line_1_18' title="bbox 172 2287 1233 2401; baseline 0.001 -24"><span class='ocrx_word' id='word_1_122' title='bbox 172 2303 366 2400; x_wconf 86' lang='lat' dir='ltr'>perspicuis</span> <span class='ocrx_word' id='word_1_123' title='bbox 374 2287 512 2379; x_wconf 86' lang='lat' dir='ltr'>firmius</span> <span class='ocrx_word' id='word_1_124' title='bbox 525 2316 560 2378; x_wconf 92' lang='lat' dir='ltr'>et</span> <span class='ocrx_word' id='word_1_125' title='bbox 570 2306 788 2380; x_wconf 85' lang='lat' dir='ltr'>constantius</span> <span class='ocrx_word' id='word_1_126' title='bbox 800 2315 974 2395; x_wconf 88' lang='lat' dir='ltr'>maneret,</span> <span class='ocrx_word' id='word_1_127' title='bbox 983 2328 1098 2401; x_wconf 88' lang='lat' dir='ltr'>neque</span> <span class='ocrx_word' id='word_1_128' title='bbox 1109 2306 1153 2379; x_wconf 86' lang='lat' dir='ltr'>ab</span> <span class='ocrx_word' id='word_1_129' title='bbox 1164 2304 1233 2378; x_wconf 87' lang='lat' dir='ltr'>illis</span> 
     </span>
     <span class='ocr_line' id='line_1_19' title="bbox 167 2425 1233 2524; baseline 0.001 -26"><span class='ocrx_word' id='word_1_130' title='bbox 167 2448 246 2521; x_wconf 70' lang='lat' dir='ltr'>quae</span> <span class='ocrx_word' id='word_1_131' title='bbox 264 2425 357 2499; x_wconf 90' lang='lat' dir='ltr'>clara</span> <span class='ocrx_word' id='word_1_132' title='bbox 378 2436 461 2499; x_wconf 91' lang='lat' dir='ltr'>sunt</span> <span class='ocrx_word' id='word_1_133' title='bbox 484 2426 558 2522; x_wconf 92' lang='lat' dir='ltr'>ipsa</span> <span class='ocrx_word' id='word_1_134' title='bbox 580 2450 643 2523; x_wconf 91' lang='lat' dir='ltr'>per</span> <span class='ocrx_word' id='word_1_135' title='bbox 663 2430 753 2515; x_wconf 87' lang='lat' dir='ltr'>sese,</span> <span class='ocrx_word' id='word_1_136' title='bbox 770 2427 870 2523; x_wconf 87' lang='lat' dir='ltr'>quasi</span> <span class='ocrx_word' id='word_1_137' title='bbox 886 2426 1068 2524; x_wconf 73' lang='lat' dir='ltr'>prestigiis</span> <span class='ocrx_word' id='word_1_138' title='bbox 1084 2426 1233 2522; x_wconf 90' lang='lat' dir='ltr'>quibus-</span> 
     </span>
     <span class='ocr_line' id='line_1_20' title="bbox 129 2546 1231 2644; baseline 0 -24"><span class='ocrx_word' id='word_1_139' title='bbox 129 2577 133 2584; x_wconf 50' lang='lat'><em>*</em></span> <span class='ocrx_word' id='word_1_140' title='bbox 167 2546 300 2621; x_wconf 90' lang='lat' dir='ltr'>damet</span> <span class='ocrx_word' id='word_1_141' title='bbox 321 2547 541 2644; x_wconf 87' lang='lat' dir='ltr'>captionibus</span> <span class='ocrx_word' id='word_1_142' title='bbox 560 2547 824 2644; x_wconf 54' lang='lat' dir='ltr'>depelleretur&amp;</span> <span class='ocrx_word' id='word_1_143' title='bbox 840 2547 940 2621; x_wconf 88' lang='lat' dir='ltr'>llanc</span> <span class='ocrx_word' id='word_1_144' title='bbox 955 2546 1061 2643; x_wconf 85' lang='lat' dir='ltr'>igitur</span> <span class='ocrx_word' id='word_1_145' title='bbox 1081 2546 1231 2643; x_wconf 89' lang='lat' dir='ltr'>logicam</span> 
     </span>
     <span class='ocr_line' id='line_1_21' title="bbox 168 2670 1231 2770; baseline 0.001 -25"><span class='ocrx_word' id='word_1_146' title='bbox 168 2681 279 2746; x_wconf 89' lang='lat' dir='ltr'>artem</span> <span class='ocrx_word' id='word_1_147' title='bbox 294 2670 459 2745; x_wconf 90' lang='lat' dir='ltr'>libentius</span> <span class='ocrx_word' id='word_1_148' title='bbox 472 2672 614 2746; x_wconf 91' lang='lat' dir='ltr'>admisit</span> <span class='ocrx_word' id='word_1_149' title='bbox 628 2696 696 2769; x_wconf 90' lang='lat' dir='ltr'>qna</span> <span class='ocrx_word' id='word_1_150' title='bbox 707 2672 919 2769; x_wconf 85' lang='lat' dir='ltr'>jamdudum</span> <span class='ocrx_word' id='word_1_151' title='bbox 933 2672 1039 2747; x_wconf 87' lang='lat' dir='ltr'>Stoici</span> <span class='ocrx_word' id='word_1_152' title='bbox 1053 2672 1231 2770; x_wconf 82' lang='lat' dir='ltr'>sapientiae</span> 
     </span>
     <span class='ocr_line' id='line_1_22' title="bbox 166 2793 1230 2882; baseline 0.001 -17"><span class='ocrx_word' id='word_1_153' title='bbox 166 2793 303 2876; x_wconf 87' lang='lat' dir='ltr'>decreta</span> <span class='ocrx_word' id='word_1_154' title='bbox 317 2802 437 2868; x_wconf 90' lang='lat' dir='ltr'>contra</span> <span class='ocrx_word' id='word_1_155' title='bbox 452 2793 660 2868; x_wconf 88' lang='lat' dir='ltr'>recentiores</span> <span class='ocrx_word' id='word_1_156' title='bbox 674 2793 902 2869; x_wconf 89' lang='lat' dir='ltr'>Academicos</span> <span class='ocrx_word' id='word_1_157' title='bbox 917 2795 1170 2882; x_wconf 74' lang='lat' dir='ltr'>defendebant,</span> <span class='ocrx_word' id='word_1_158' title='bbox 1183 2804 1230 2882; x_wconf 89' lang='lat' dir='ltr'>et,</span> 
     </span>
     <span class='ocr_line' id='line_1_23' title="bbox 170 2913 1233 3003; baseline 0.003 -17"><span class='ocrx_word' id='word_1_159' title='bbox 170 2914 303 2988; x_wconf 90' lang='lat' dir='ltr'>Stoicos</span> <span class='ocrx_word' id='word_1_160' title='bbox 323 2913 492 3003; x_wconf 88' lang='lat' dir='ltr'>imitatus,</span> <span class='ocrx_word' id='word_1_161' title='bbox 508 2923 628 2987; x_wconf 91' lang='lat' dir='ltr'>contra</span> <span class='ocrx_word' id='word_1_162' title='bbox 643 2915 874 2990; x_wconf 88' lang='lat' dir='ltr'>recentiorem</span> <span class='ocrx_word' id='word_1_163' title='bbox 893 2916 986 2989; x_wconf 88' lang='lat' dir='ltr'>hanc</span> <span class='ocrx_word' id='word_1_164' title='bbox 1007 2914 1233 2989; x_wconf 87' lang='lat' dir='ltr'>Academiam</span> 
     </span>
     <span class='ocr_line' id='line_1_24' title="bbox 169 3039 587 3136; baseline -0.005 -22"><span class='ocrx_word' id='word_1_165' title='bbox 169 3039 587 3136; x_wconf 82' lang='lat' dir='ltr'>praecipucinvectuscst.</span> 
     </span>
    </p>
   </div>
   <div class='ocr_carea' id='block_1_3' title="bbox 167 3256 1232 3598">
    <p class='ocr_par' dir='ltr' id='par_1_5' title="bbox 167 3256 1232 3598">
     <span class='ocr_line' id='line_1_25' title="bbox 219 3256 1232 3354; baseline 0.004 -25"><span class='ocrx_word' id='word_1_166' title='bbox 219 3257 336 3342; x_wconf 82' lang='lat' dir='ltr'>Quum</span> <span class='ocrx_word' id='word_1_167' title='bbox 358 3257 610 3331; x_wconf 91' lang='lat' dir='ltr'>contenderent</span> <span class='ocrx_word' id='word_1_168' title='bbox 631 3256 829 3331; x_wconf 91' lang='lat' dir='ltr'>Academici</span> <span class='ocrx_word' id='word_1_169' title='bbox 855 3258 948 3354; x_wconf 91' lang='lat' dir='ltr'>quod</span> <span class='ocrx_word' id='word_1_170' title='bbox 970 3281 1091 3332; x_wconf 86' lang='lat' dir='ltr'>verum</span> <span class='ocrx_word' id='word_1_171' title='bbox 1118 3260 1232 3333; x_wconf 91' lang='lat' dir='ltr'>visum</span> 
     </span>
     <span class='ocr_line' id='line_1_26' title="bbox 171 3378 1232 3475; baseline 0.001 -24"><span class='ocrx_word' id='word_1_172' title='bbox 171 3387 241 3467; x_wconf 85' lang='lat' dir='ltr'>est,</span> <span class='ocrx_word' id='word_1_173' title='bbox 256 3378 292 3451; x_wconf 94' lang='lat' dir='ltr'>id</span> <span class='ocrx_word' id='word_1_174' title='bbox 310 3401 414 3451; x_wconf 91' lang='lat' dir='ltr'>omne</span> <span class='ocrx_word' id='word_1_175' title='bbox 436 3378 503 3451; x_wconf 86' lang='lat' dir='ltr'>tale</span> <span class='ocrx_word' id='word_1_176' title='bbox 522 3401 614 3467; x_wconf 87' lang='lat' dir='ltr'>esse,</span> <span class='ocrx_word' id='word_1_177' title='bbox 633 3387 673 3450; x_wconf 92' lang='lat' dir='ltr'>ut</span> <span class='ocrx_word' id='word_1_178' title='bbox 692 3378 849 3475; x_wconf 88' lang='lat' dir='ltr'>ejusdem</span> <span class='ocrx_word' id='word_1_179' title='bbox 864 3378 959 3453; x_wconf 93' lang='lat' dir='ltr'>modi</span> <span class='ocrx_word' id='word_1_180' title='bbox 979 3379 1106 3452; x_wconf 84' lang='lat' dir='ltr'>salsum</span> <span class='ocrx_word' id='word_1_181' title='bbox 1126 3380 1232 3454; x_wconf 90' lang='lat' dir='ltr'>etiam</span> 
     </span>
     <span class='ocr_line' id='line_1_27' title="bbox 167 3498 1232 3598; baseline 0.002 -25"><span class='ocrx_word' id='word_1_182' title='bbox 167 3500 279 3596; x_wconf 90' lang='lat' dir='ltr'>possit</span> <span class='ocrx_word' id='word_1_183' title='bbox 296 3498 422 3589; x_wconf 85' lang='lat' dir='ltr'>videri,</span> <span class='ocrx_word' id='word_1_184' title='bbox 440 3509 476 3572; x_wconf 90' lang='lat' dir='ltr'>et</span> <span class='ocrx_word' id='word_1_185' title='bbox 495 3499 576 3574; x_wconf 89' lang='lat' dir='ltr'>iude</span> <span class='ocrx_word' id='word_1_186' title='bbox 593 3498 681 3573; x_wconf 89' lang='lat' dir='ltr'>nihil</span> <span class='ocrx_word' id='word_1_187' title='bbox 701 3523 803 3598; x_wconf 86' lang='lat' dir='ltr'>posse</span> <span class='ocrx_word' id='word_1_188' title='bbox 821 3500 1089 3597; x_wconf 88' lang='lat' dir='ltr'>comprehendi,</span> <span class='ocrx_word' id='word_1_189' title='bbox 1107 3500 1232 3584; x_wconf 90' lang='lat' dir='ltr'>Antio·</span> 
     </span>
    </p>
   </div>
   <div class='ocr_carea' id='block_1_4' title="bbox 167 3716 1233 4222">
    <p class='ocr_par' dir='ltr' id='par_1_6' title="bbox 204 3716 760 3783">
     <span class='ocr_line' id='line_1_28' title="bbox 204 3716 760 3783; baseline 0.002 -17"><span class='ocrx_word' id='word_1_190' title='bbox 204 3720 211 3756; x_wconf 84' lang='lat'><strong>¹</strong></span> <span class='ocrx_word' id='word_1_191' title='bbox 227 3721 292 3767; x_wconf 83' lang='lat' dir='ltr'>Sext.</span> <span class='ocrx_word' id='word_1_192' title='bbox 309 3720 394 3781; x_wconf 81' lang='lat' dir='ltr'>Emp,</span> <span class='ocrx_word' id='word_1_193' title='bbox 411 3719 479 3782; x_wconf 76' lang='lat' dir='ltr'>Hyp.</span> <span class='ocrx_word' id='word_1_194' title='bbox 498 3716 609 3782; x_wconf 78' lang='lat' dir='ltr'>Pyrrh,</span> <span class='ocrx_word' id='word_1_195' title='bbox 624 3720 649 3777; x_wconf 85' lang='lat' dir='ltr'>l,</span> <span class='ocrx_word' id='word_1_196' title='bbox 664 3717 687 3783; x_wconf 56' lang='grc' dir='ltr'>ᾗ.</span> <span class='ocrx_word' id='word_1_197' title='bbox 702 3723 760 3767; x_wconf 76' lang='lat'>235.</span> 
     </span>
    </p>

    <p class='ocr_par' dir='ltr' id='par_1_7' title="bbox 202 3807 912 3869">
     <span class='ocr_line' id='line_1_29' title="bbox 202 3807 912 3869; baseline 0 -12"><span class='ocrx_word' id='word_1_198' title='bbox 202 3807 324 3866; x_wconf 62' lang='lat' dir='ltr'>tecet,</span> <span class='ocrx_word' id='word_1_199' title='bbox 339 3809 375 3868; x_wconf 89' lang='lat' dir='ltr'>ll,</span> <span class='ocrx_word' id='word_1_200' title='bbox 391 3812 420 3856; x_wconf 79' lang='lat'>35</span> <span class='ocrx_word' id='word_1_201' title='bbox 434 3813 459 3857; x_wconf 91' lang='lat' dir='ltr'>et</span> <span class='ocrx_word' id='word_1_202' title='bbox 472 3811 512 3856; x_wconf 73' lang='lat' dir='ltr'>lb.</span> <span class='ocrx_word' id='word_1_203' title='bbox 526 3828 560 3837; x_wconf 94' lang='lat'>-</span> <span class='ocrx_word' id='word_1_204' title='bbox 571 3810 606 3859; x_wconf 86' lang='lat' dir='ltr'>Cl.</span> <span class='ocrx_word' id='word_1_205' title='bbox 621 3812 649 3869; x_wconf 82' lang='lat'>6,</span> <span class='ocrx_word' id='word_1_206' title='bbox 664 3811 711 3868; x_wconf 78' lang='lat'>21,</span> <span class='ocrx_word' id='word_1_207' title='bbox 726 3813 775 3867; x_wconf 70' lang='lat'>22,</span> <span class='ocrx_word' id='word_1_208' title='bbox 791 3813 820 3857; x_wconf 82' lang='grc'>30</span> <span class='ocrx_word' id='word_1_209' title='bbox 834 3812 859 3858; x_wconf 83' lang='lat' dir='ltr'>et</span> <span class='ocrx_word' id='word_1_210' title='bbox 872 3812 912 3857; x_wconf 79' lang='lat' dir='ltr'>tt.</span> 
     </span>
    </p>

    <p class='ocr_par' dir='ltr' id='par_1_8' title="bbox 167 3895 1233 4134">
     <span class='ocr_line' id='line_1_30' title="bbox 201 3895 1233 3961; baseline 0.005 -15"><span class='ocrx_word' id='word_1_211' title='bbox 201 3895 364 3961; x_wconf 80' lang='lat' dir='ltr'>³Saepissime</span> <span class='ocrx_word' id='word_1_212' title='bbox 390 3900 496 3948; x_wconf 88' lang='lat' dir='ltr'>ostendit</span> <span class='ocrx_word' id='word_1_213' title='bbox 517 3900 644 3958; x_wconf 87' lang='lat' dir='ltr'>Lucullus,</span> <span class='ocrx_word' id='word_1_214' title='bbox 665 3900 686 3948; x_wconf 91' lang='lat' dir='ltr'>si</span> <span class='ocrx_word' id='word_1_215' title='bbox 706 3900 758 3948; x_wconf 81' lang='lat' dir='ltr'>visa</span> <span class='ocrx_word' id='word_1_216' title='bbox 783 3902 809 3948; x_wconf 90' lang='lat' dir='ltr'>et</span> <span class='ocrx_word' id='word_1_217' title='bbox 829 3900 939 3949; x_wconf 84' lang='lat' dir='ltr'>assensio</span> <span class='ocrx_word' id='word_1_218' title='bbox 959 3902 1089 3959; x_wconf 84' lang='lat' dir='ltr'>tollentur,</span> <span class='ocrx_word' id='word_1_219' title='bbox 1112 3903 1233 3951; x_wconf 87' lang='lat' dir='ltr'>actionem</span> 
     </span>
     <span class='ocr_line' id='line_1_31' title="bbox 167 3974 1231 4053; baseline 0.006 -19"><span class='ocrx_word' id='word_1_220' title='bbox 167 4001 265 4035; x_wconf 89' lang='lat' dir='ltr'>omnem</span> <span class='ocrx_word' id='word_1_221' title='bbox 284 4001 298 4036; x_wconf 88' lang='lat' dir='ltr'>e</span> <span class='ocrx_word' id='word_1_222' title='bbox 314 3987 363 4036; x_wconf 84' lang='lat' dir='ltr'>vita</span> <span class='ocrx_word' id='word_1_223' title='bbox 378 3988 441 4046; x_wconf 88' lang='lat' dir='ltr'>tolli,</span> <span class='ocrx_word' id='word_1_224' title='bbox 460 3993 485 4036; x_wconf 88' lang='lat' dir='ltr'>et</span> <span class='ocrx_word' id='word_1_225' title='bbox 497 3989 578 4037; x_wconf 84' lang='lat' dir='ltr'>omnia</span> <span class='ocrx_word' id='word_1_226' title='bbox 593 3988 672 4038; x_wconf 85' lang='lat' dir='ltr'>ohlcia</span> <span class='ocrx_word' id='word_1_227' title='bbox 691 3996 716 4038; x_wconf 88' lang='lat' dir='ltr'>ct</span> <span class='ocrx_word' id='word_1_228' title='bbox 733 3974 878 4051; x_wconf 83' lang='lat' dir='ltr'>sapientiam</span> <span class='ocrx_word' id='word_1_229' title='bbox 895 3993 923 4039; x_wconf 86' lang='lat' dir='ltr'>et</span> <span class='ocrx_word' id='word_1_230' title='bbox 940 3990 995 4053; x_wconf 78' lang='lat' dir='ltr'>ejus</span> <span class='ocrx_word' id='word_1_231' title='bbox 1008 3992 1115 4040; x_wconf 79' lang='lat' dir='ltr'>decreta.</span> <span class='ocrx_word' id='word_1_232' title='bbox 1132 3989 1231 4050; x_wconf 61' lang='grc' dir='ltr'>ΑΜ,</span> 
     </span>
     <span class='ocr_line' id='line_1_32' title="bbox 170 4076 489 4134; baseline 0.006 -10"><span class='ocrx_word' id='word_1_233' title='bbox 170 4076 205 4134; x_wconf 87' lang='lat' dir='ltr'>ll,</span> <span class='ocrx_word' id='word_1_234' title='bbox 220 4079 248 4134; x_wconf 78' lang='lat'>8,</span> <span class='ocrx_word' id='word_1_235' title='bbox 263 4077 292 4134; x_wconf 77' lang='grc' dir='ltr'>θ’,</span> <span class='ocrx_word' id='word_1_236' title='bbox 307 4078 352 4133; x_wconf 79' lang='grc'>10,</span> <span class='ocrx_word' id='word_1_237' title='bbox 367 4079 398 4126; x_wconf 77' lang='lat'>12</span> <span class='ocrx_word' id='word_1_238' title='bbox 411 4081 437 4126; x_wconf 83' lang='lat' dir='ltr'>et</span> <span class='ocrx_word' id='word_1_239' title='bbox 450 4080 489 4126; x_wconf 79' lang='lat'>83.</span> 
     </span>
    </p>

    <p class='ocr_par' dir='ltr' id='par_1_9' title="bbox 201 4163 499 4222">
     <span class='ocr_line' id='line_1_33' title="bbox 201 4163 499 4222; baseline -0.003 -9"><span class='ocrx_word' id='word_1_240' title='bbox 201 4173 212 4197; x_wconf 72' lang='lat'>‘⁸</span> <span class='ocrx_word' id='word_1_241' title='bbox 229 4163 325 4222; x_wconf 64' lang='lat' dir='ltr'>Acud„</span> <span class='ocrx_word' id='word_1_242' title='bbox 340 4165 376 4222; x_wconf 85' lang='lat' dir='ltr'>tl,</span> <span class='ocrx_word' id='word_1_243' title='bbox 391 4169 406 4213; x_wconf 84' lang='lat' dir='ltr'>b</span> <span class='ocrx_word' id='word_1_244' title='bbox 419 4169 444 4214; x_wconf 91' lang='lat' dir='ltr'>et</span> <span class='ocrx_word' id='word_1_245' title='bbox 460 4168 499 4214; x_wconf 80' lang='lat' dir='ltr'>lt.</span> 
     </span>
    </p>
   </div>
   <div class='ocr_carea' id='block_1_5' title="bbox 0 0 1490 4609">
    <p class='ocr_par' dir='ltr' id='par_1_10' title="bbox 0 0 1490 4609">
     <span class='ocr_line' id='line_1_34' title="bbox 0 0 1490 4609; baseline 0 0"><span class='ocrx_word' id='word_1_246' title='bbox 0 0 1490 4609; x_wconf 95' lang='lat' dir='ltr'> </span> 
     </span>
    </p>
   </div>
  </div>
 </body>
</html>
