2967 4609
760 212 807 284 lo

254 338 308 431 nis
323 355 561 432 definitionem
575 356 770 464 infirmaret
783 357 1003 455 tolleretque,
1029 386 1047 429 r
1053 347 1230 456 judicium
1253 361 1319 435 tol·

255 481 352 553 clere
363 479 531 577 incogniti
545 478 759 576 cognitique,
772 480 1033 578 imprudentem
1043 504 1083 555 eo
1093 504 1163 578 quo
1173 482 1319 557 minime

254 600 383 675 rvellet
394 600 519 675 revolvi
535 611 570 675 et
581 601 617 673 in
633 601 750 698 ipsum
763 603 856 697 quod
868 602 1015 675 timebat
1028 625 1064 675 se
1078 603 1224 676 induere
1240 627 1320 677 cen·

255 723 443 797 «sebethi-
1197 741 1199 744 ·

301 844 383 917 llaec
401 853 518 917 autem
536 841 698 917 Antiochi
720 843 944 939 reprehensio
968 843 1005 915 in
1029 843 1154 940 primis
1169 855 1320 919 3131113-

253 965 333 1038 bilis
346 1021 355 1053 ,
369 987 438 1060 qua
453 964 587 1037 solebat
599 963 674 1060 ipse
691 963 807 1038 dicere
821 963 1007 1038 Philonem
1022 964 1172 1039 maxime
1187 976 1323 1061 pertur-

251 1086 391 1159 batum:
410 1087 553 1171 «Quum
574 1085 669 1159 enim
693 1095 890 1159 sumeretur
907 1108 1041 1175 unum,
1065 1109 1141 1159 esse
1158 1086 1320 1182 quaedam

254 1207 364 1280 «salsa
375 1206 463 1299 visa;
478 1208 644 1296 alterum,
659 1207 747 1279 nihil
760 1230 799 1301 ea
810 1207 949 1280 differre
961 1231 981 1280 a
995 1207 1084 1282 veris
1099 1233 1107 1278 :
1124 1230 1196 1281 non
1212 1218 1322 1282 atten-

254 1328 365 1402 «dere
385 1328 548 1426 superius
570 1325 717 1402 illud'ea
734 1324 772 1402 re
790 1352 810 1401 3
831 1352 867 1403 se
884 1352 959 1403 esse
978 1351 1204 1418 concessum,
1227 1330 1322 1424 quod

254 1447 556 1526 «videretnresse
579 1450 740 1546 quaedam
756 1449 793 1521 in
810 1449 891 1523 visis
913 1450 1124 1541 differentia;
1149 1473 1226 1523 eam
1247 1449 1321 1524 tolli

255 1561 413 1660 «altero,
436 1594 506 1667 quo
528 1571 749 1666 negetvisaa
769 1570 955 1645 salsis-vera
969 1571 1123 1661 differre3
1146 1571 1234 1644 nihil
1248 1580 1321 1644 tam

254 1694 534 1789 «repirgnare².>›

300 1813 381 1888 Illas
402 1812 546 1910 quidem
571 1812 678 1887 luisse
703 1811 866 1887 Antiochi
888 1803 1077 1888 sententias
1103 1814 1147 1887 ad
1172 1814 1321 1910 logicam

252 1945 364 2009 artem
385 1935 614 2032 pertinentes,
626 1934 696 2008 illis
710 1957 794 2009 eum
813 1936 1028 2031 argumentis
1041 1935 1250 2010 evidentiam
1267 1946 1323 2009 tu-

252 2057 318 2130 tari
345 2066 511 2129 conatum
533 2066 567 2129 et
589 2055 816 2130 Academicos
838 2057 1047 2131 insectatum
1074 2080 1167 2146 esse,
1190 2066 1322 2130 veteres

252 2199 412 2272 expresse
425 2186 606 2250 testantur.

298 2298 389 2371 Satis
406 2307 525 2402 autem
537 2296 761 2378 manifestum
777 2308 830 2371 est
843 2298 1032 2372 Lucullum
1050 2299 1087 2376 in
1102 2298 1324 2373 Academicis

253 2418 491 2517 disputantem
507 2442 578 2493 non
599 2411 704 2492 inodo
726 2419 814 2491 nihil
830 2420 955 2493 dixisse
970 2421 1064 2516 quod
1082 2444 1163 2495 cum
1178 2421 1253 2494 istis
1266 2445 1323 2495 re-

247 2521 442 2638 pugnaret,
466 2541 528 2615 sed
549 2539 654 2614 etiam
678 2541 742 2613 has
757 2541 946 2615 sententias
962 2541 1080 2615 lusius
1100 2543 1321 2639 exposuisse,

252 2663 328 2734 haec
344 2660 466 2735 eadem
479 2670 684 2757 argumenta
698 2661 826 2756 saepius
837 2671 871 2734 et
885 2662 1071 2736 instantius
1081 2663 1320 2760 usurpavisse:

195 2768 198 2773 ’
254 2783 336 2856 inde
356 2804 496 2856 summa
517 2781 603 2855 sides
625 2781 764 2855 Luculli
785 2782 993 2856 testimoniis
1010 2759 1208 2858 adhihenda
1223 2793 1324 2859 estet

148 2945 157 2958 ·
252 2920 388 2984 constat
399 2910 620 2999 Ciceronem,
635 2919 675 2982 ut
694 2909 769 3006 ipse
783 2910 886 2999 dixit,
903 2912 979 2984 haec
994 2934 1072 3006 quae
1094 2921 1215 2985 contra
1231 2909 1320 2984 ἀκα-

252 3038 632 3134 ταληψίαν·(11311111111,
649 3037 834 3133 diligenter
848 3037 891 3111 ab
906 3037 1069 3112 Antiochi
1085 3040 1249 3135 operibus
1264 3063 1322 3113 ex-

250 3157 429 3254 pressisse.
457 3133 480 3184 ⁵

301 3278 392 3351 Satis
407 3278 512 3351 etiam
527 3271 753 3353 manifestum
768 3289 834 3369 est,
856 3281 931 3353 haec
946 3281 1080 3370 omnia,
1097 3305 1176 3377 quae
1188 3281 1319 3354 'Antio-

252 3401 360 3473 chum
378 3400 528 3476 sensisse
543 3410 715 3487 testantur
728 3410 878 3490 vetems,
897 3411 958 3473 aut
971 3426 1049 3498 quae
1065 3403 1183 3476 retulit
1194 3403 1322 3476 Lucul-

251 3519 307 3593 lus
323 3521 358 3592 111
372 3520 605 3610 Academicis,
620 3545 638 3595 e
652 3522 767 3595 Stoico
782 3523 876 3595 sonte
890 3522 1084 3596 dellnxisse.

300 3642 433 3738 Duplex
448 3642 507 3715 illa
521 3642 565 3716 sit
579 3642 685 3741 hujus
700 3642 953 3717 dissertationis
971 3653 1098 3718 nostrie
1113 3643 1220 3740 partis
1236 3668 1322 3719 con-

253 3761 375 3836 clusio.

255 4102 256 4105 ,
287 4035 578 4128 minusculi.

284 4156 296 4191 ‘2
312 4158 406 4218 Accii,
422 4160 457 4216 ll,
471 4158 511 4208 3t.
527 4162 561 4208 ul.
578 4162 717 4220 lucullum,
733 4161 766 4210 ib.
781 4177 802 4209 r.
819 4165 858 4210 lt.
