2967 4609
683 211 726 283 nl

177 356 283 430 tiochi
299 356 405 429 lihr'os
427 378 538 452 quum
556 356 768 429 Tusculanas
783 358 986 453 questiones
1001 367 1236 454 componeret.

176 477 273 551 ldem
286 476 440 568 Tullius,
452 501 562 574 quum
578 477 771 551 scribendis
784 477 1002 553 Academicis
1016 502 1159 575 operam
1172 479 1239 551 im·

176 599 359 695 penderet,
372 597 535 672 Antiochi
550 598 676 695 placita
697 622 737 673 ex
760 599 836 697 ipso
859 600 964 674 etiam
983 600 1076 673 sonte
1102 600 1238 673 videtur

176 719 334 793 hausisse
349 730 384 794 et
397 718 581 815 diligenter
595 743 613 793 a
630 743 666 794 se
681 743 840 819 expressa
855 724 1032 796 testatur¹.

226 941 309 1014 Haec
331 949 468 1013 tantum
502 939 545 1013 de
577 938 740 1013 Antiochi
766 939 904 1035 scriptis
927 939 1149 1035 accepimus3
1177 940 1237 1014 sed

176 1061 360 1135 scribendo
384 1061 503 1134 minus
522 1083 629 1157 quarn
651 1060 810 1135 docendo
833 1060 970 1133 videtur
990 1061 1184 1135 innotuisse
1203 1071 1237 1134 et
1328 1076 1332 1084 ·

176 1180 325 1255 maxime
341 1180 396 1255 his
411 1181 551 1254 dotibus
566 1180 772 1255 inclaruisse
780 1180 938 1276 quibusa
954 1191 1078 1254 natura
1087 1182 1239 1277 philoso

175 1303 328 1402 phiaque
349 1303 556 1408 informatus
578 1312 614 1378 et
635 1303 824 1377 adornatus
848 1312 898 1377 tot
918 1303 984 1376 sibi
1007 1304 1183 1379 auditores
1204 1316 1240 1379 et

175 1424 307 1499 amieos
322 1417 464 1522 paravit.

223 1544 417 1620 Antiochus
438 1546 549 1637 enim,
572 1546 667 1642 quod
681 1546 725 1619 ad
742 1569 857 1619 mores
878 1555 1026 1642 spectat,
1041 1547 1147 1620 homo
1165 1558 1239 1621 erat

175 1678 299 1740 natura
336 1667 552 1757 lenissimus,
585 1691 655 1764 quo
690 1668 778 1741 nihil
804 1676 940 1765 poterat
971 1669 1044 1742 lieri
1080 1669 1237 1760 mitius23

176 1789 271 1887 quod
287 1789 439 1886 pertinet
452 1790 495 1862 ad
507 1789 705 1886 ingenium,
722 1790 775 1862 vir
788 1789 899 1863 multe
913 1791 1116 1880 acumine³,
1132 1791 1238 1865 diser·

176 1920 233 1983 tus
256 1910 495 2007 suadendique
515 1910 681 2007 peritusl,
696 1911 796 2006 cujus
811 1910 968 1984 ubertate
986 1910 1186 1984 indicendo
1205 1922 1240 1985 et

175 2033 393 2129 jucunditate
408 2032 527 2106 Cicero
542 2031 811 2120 delectabatur⁵,
826 2054 865 2104 ea
878 2030 1029 2127 denique
1039 2030 1238 2128 eloquentia

178 2162 218 2227 ut
237 2152 370 2250 Cycnus
387 2154 594 2250 cognonime
609 2154 816 2227 diceretu'ri,
832 2152 932 2237 Quod
947 2153 1238 2251 philosophorum
1294 2143 1300 2150 ’

177 2276 287 2374 magis
302 2276 484 2375 proprium
500 2286 567 2367 est,
581 2277 633 2350 vir
646 2277 801 2374 prudens
817 2286 851 2350 et
864 2287 989 2350 acutus
1004 2287 1039 2351 et
1052 2277 1088 2350 in
1103 2301 1167 2352 suo
1180 2302 1239 2374 ge-

177 2420 261 2471 nere
273 2398 481 2494 perlectusl,
495 2398 541 2471 ita
557 2406 624 2472 ute
637 2397 854 2495 philosophis
869 2396 1009 2494 ingenio
1024 2399 1239 2495 scientiaque

175 2519 1239 2617 putareturexcellere⁸‚nequeindignusquemCicero,omis-

176 2642 224 2716 sis
246 2643 463 2717 scholasticis
481 2642 625 2731 stndiiS,
636 2641 810 2739 judicaret
828 2640 1077 2738 politissimum
1102 2654 1138 2718 et
1155 2668 1239 2718 acu-

176 2764 352 2838 tissimum
367 2765 473 2861 hujus
487 2765 597 2838 aetatis
612 2764 903 2861 philosophorum
914 2767 939 2837 ⁹.

225 2885 315 2970 Quid
328 2885 459 2957 mirum
476 2886 716 2960 Romanorum
737 2894 809 2957 tam
828 2884 958 2958 multos
972 2886 1095 2976 luisse,
1110 2909 1239 2983 eosque

174 3007 210 3080 in
225 3006 347 3103 primis
362 3006 512 3096 nobiles,
527 3006 588 3103 qui
602 3005 704 3078 illum
718 3004 882 3078 audirent
892 3028 1004 3102 eoque
1018 3006 1236 3081 familiariter

210 3219 218 3254 ¹
234 3217 276 3269 ad
284 3219 353 3280 Aet,
367 3221 435 3279 lllll,
449 3235 488 3283 ep.
504 3223 544 3269 ln.
559 3221 617 3279 Quae
630 3222 701 3268 erant
713 3223 798 3268 contra
811 3212 997 3292 ἀκαταληψίαν
1010 3222 1126 3283 praeclare
1139 3223 1239 3270 collecta

175 3304 207 3350 ab
219 3302 352 3362 Antiocho,
367 3304 469 3352 Varroni
481 3304 552 3364 dedi,
642 3316 697 3364 quae
710 3302 839 3366 diligenter
853 3317 866 3351 a
880 3318 920 3353 me
933 3318 1062 3366 expressa,
1076 3318 1180 3353 acumen
1194 3305 1239 3351 ha-

177 3393 236 3441 nent
249 3391 376 3452 Antiochi,
392 3393 496 3442 nitorem
509 3392 627 3442 orationis
641 3394 761 3440 nostrum.

208 3480 221 3515 ²
235 3478 332 3540 deod,
346 3480 382 3539 ll,
397 3484 421 3528 t.
621 3507 640 3536 0

208 3566 222 3606 3
236 3568 332 3629 Acnd„
346 3570 381 3629 ll,
395 3574 436 3619 22.
450 3589 484 3600 -
496 3568 537 3621 Ad
550 3571 619 3630 Art,
633 3570 703 3629 lllll,
718 3585 757 3632 ep.
773 3571 812 3617 19.
826 3586 861 3600 -
875 3570 911 3618 lle
922 3571 986 3620 Not.
1002 3570 1093 3628 Dect„
1109 3571 1132 3628 l,
1148 3573 1172 3617 7.

207 3662 313 3726 wius,
331 3665 381 3716 Via.
398 3667 474 3726 Lac,
488 3681 513 3729 p.
527 3670 573 3716 519
589 3682 595 3715 ε
610 3656 718 3725 πιθανὸς
736 3656 805 3737 ἀνὴρ
818 3657 866 3716 καὶ
881 3658 962 3726 δεινὸς
975 3661 1069 3719 εἰπεῖν.

208 3764 312 3829 ⁵Plut.‚
330 3770 381 3819 Va.
397 3770 465 3829 (lic,
479 3785 503 3832 p.
518 3772 565 3818 862
581 3784 586 3817 ε
602 3761 692 3842 εὐροίᾳ
707 3764 758 3820 τῶν
772 3760 857 3840 λόγων
872 3762 918 3822 καὶ
931 3760 1034 3841 χάριτι.

207 3866 317 3934 fissam.
332 3872 433 3936 Byzant.
448 3873 474 3921 in
487 3863 634 3927 Ἀσκαλών.

208 3967 458 4034 ⁷neeeq.,1‚21.
1049 3999 1069 4040 ⁸

208 4054 222 4094 ⁸
235 4055 334 4118 need,
347 4059 383 4119 ll,
398 4062 422 4108 Ξ.

208 4145 332 4208 aneae,
347 4149 385 4208 u,
402 4153 441 4198 aa.
