2967 4609
756 239 818 312 m

260 386 437 461 etuullius
448 385 744 484 disciplinae,quae
754 383 791 458 in
801 386 933 461 honore
944 386 1202 484 esset,ignarus
1214 393 1326 482 erat¹;

261 509 323 582 sed
335 508 436 584 Philo
449 508 588 583 adeum
601 507 760 581 doctrina
773 506 1035 582 informandum
1046 508 1197 585 maxime
1211 511 1327 585 value-

261 632 355 703 rat²:
381 639 493 703 totum
516 628 611 703 enim
636 627 668 702 ei
696 650 732 703 se
755 628 944 703 tradiderat
964 628 1102 720 Cicero,
1127 631 1326 706 admirabili

260 750 414 847 quodam
427 751 471 823 ad
484 749 740 847 philosophiam
755 749 871 824 studio
886 751 1080 825 concitatus
1098 761 1133 826 et
1144 775 1263 826 rerum
1275 753 1328 850 ip

261 895 381 946 sarum
396 871 559 946 varietate
580 882 615 945 et
632 871 874 968 magnitudine
886 875 1072 946 retentus³.
1094 873 1227 948 Eodem
1244 876 1327 948 Phi·

261 992 341 1067 lone
355 992 559 1088 adjuvante,
583 991 645 1066 sed
659 991 833 1090 imprimis
852 992 997 1068 docente
1011 994 1150 1069 Molone
1169 996 1327 1086 Rhodio,

260 1113 419 1188 oratoriae
440 1113 523 1187 artis
543 1113 727 1211 preceptis
749 1137 785 1189 se
799 1113 1029 1206 instruxerat,
1051 1117 1126 1214 J‘am
1148 1140 1327 1193 commen-

260 1235 365 1317 tarios
378 1233 569 1326 rhetoricos
584 1236 636 1308 De
647 1235 847 1309 lucentiore
860 1235 1035 1326 ediderat,
1048 1238 1122 1335 J‘am
1138 1262 1201 1336 pro
1218 1240 1327 1325 Quin-

259 1356 307 1430 tio
327 1355 460 1430 dixerat
476 1365 511 1431 et
532 1356 622 1431 Sext.
640 1356 824 1446 Roscium,
849 1357 1027 1455 parricidii
1040 1382 1160 1449 reum,
1183 1383 1324 1435 summa

260 1500 343 1552 cum
364 1477 483 1567 laude,
501 1478 711 1553 defenderat.
731 1478 842 1575 igitur
856 1502 967 1576 quum
982 1481 1093 1555 Roma
1108 1481 1195 1555 abiit
1207 1492 1325 1557 aestate

260 1600 344 1673 anni
357 1599 445 1689 675,
460 1600 507 1674 ita
521 1598 737 1690 innotuerat,
750 1610 791 1673 ut
804 1599 943 1674 nullum
957 1624 1065 1700 prope
1080 1602 1198 1699 gloriae
1212 1627 1325 1700 genus

260 1724 292 1798 ei
309 1724 428 1798 deesse
442 1722 628 1798 videretur.

295 1948 306 1987 ,¹
323 1947 360 1996 De
378 1947 442 1997 Nat.
463 1946 556 2006 Dour„
576 1945 601 2005 Ι,
622 1949 646 1994 3.
666 1976 701 1989 -.
718 1946 849 1997 Phaedrum
867 1947 1014 2010 Epicureum
1030 1949 1101 1998 valde
1113 1952 1142 1999 ut
1153 1949 1324 2012 philosophum

258 2036 405 2099 probaverat
420 2032 472 2100 (Ad
489 2035 567 2095 Diu,
588 2034 658 2094 ΙΙΙΙΙ,
676 2050 715 2099 ep.
735 2033 774 2100 t);
793 2038 935 2087 adolescens
952 2040 1018 2101 apud
1030 2040 1144 2088 Varronis
1163 2040 1323 2105 magistrum,

259 2126 285 2173 L.
297 2125 399 2184 Elium,
414 2125 508 2184 fuerat,
523 2126 564 2187 qui
577 2127 671 2177 Stoicus
684 2141 740 2175 esse
752 2117 850 2175 volebat
862 2124 987 2189 (Brutos,
1000 2141 1023 2175 c.
1035 2126 1089 2191 66);
1103 2143 1180 2190 quum
1192 2128 1325 2179 triennium

258 2197 309 2264 sere
326 2214 373 2264 ruit
390 2213 453 2287 urbs
470 2215 524 2264 sinc
536 2215 611 2265 armis
624 2219 708 2265 noctes
721 2219 748 2264 et
759 2216 812 2264 dies
825 2196 850 2263 in
863 2214 973 2265 omnium
986 2216 1152 2265 doctrinarum
1165 2217 1323 2267 meditatione

257 2305 403 2353 versabatur
421 2301 545 2368 (Brutus,
566 2320 589 2353 c.
609 2309 656 2366 903
675 2305 746 2354 annis
764 2304 934 2369 coa-67⁰),
953 2308 979 2354 et
994 2308 1047 2354 erat
1060 2319 1116 2354 cum
1129 2306 1209 2356 Stoico
1222 2306 1323 2355 Diodoto

195 2387 199 2394 ’
258 2408 332 2456 quem
344 2393 451 2444 maxime
464 2383 631 2445 admirabatur
641 2398 667 2444 et
679 2395 795 2460 diligebat
808 2410 901 2457 suaque
914 2395 939 2444 iu
952 2397 1024 2445 domo
1037 2410 1069 2445 ex
1081 2410 1109 2445 eo
1123 2399 1232 2459 tempore
1246 2412 1324 2460 usquc

188 2535 191 2538 ,
258 2482 289 2531 ad
302 2482 367 2532 illius
380 2485 484 2534 mortem
497 2484 598 2534 retinuit
610 2482 736 2549 (Brutus,
750 2488 791 2534 9⁰.
805 2516 839 2527 -
855 2482 934 2535 Acori.
949 2484 984 2544 ll,
1000 2488 1041 2533 36.
1054 2516 1089 2531 -
1103 2485 1140 2534 De
1152 2486 1216 2536 Not.
1230 2487 1321 2547 Deon,

259 2570 283 2630 l,
299 2574 321 2619 3.
337 2597 368 2610 ·-
383 2574 474 2633 Tuae,
488 2574 517 2633 V,
533 2576 572 2623 33.
587 2605 621 2616 -
632 2572 673 2623 Ad
682 2572 759 2633 Dio„
774 2574 819 2634 ΙΙΙ,
834 2587 873 2637 ep.
888 2576 921 2633 t3
935 2574 1005 2633 ΙΙΙΙΙ,
1019 2587 1058 2637 ep.
1074 2577 1114 2623 te.
1128 2605 1162 2618 -
1174 2573 1215 2624 Ad
1226 2573 1321 2633 Arria,

211 2712 223 2732 ο
259 2660 295 2719 ΙΙ,
313 2675 353 2723 ep.
372 2664 413 2709 2⁰.
427 2687 461 2697 —
473 2661 563 2710 ductor
582 2663 640 2710 dial.
656 2663 693 2710 De
711 2662 801 2721 Orat,
815 2675 837 2710 c.
853 2661 909 2726 30);
923 2664 1055 2711 admodum
1069 2664 1143 2712 etiam
1154 2663 1252 2727 juvenis
1269 2665 1323 2712 Sta-

257 2763 325 2797 seam
338 2751 522 2812 lleapolitanum
534 2752 672 2812 audiverat,
688 2752 781 2800 Pisonis
795 2751 956 2816 magistrum,
977 2754 1096 2813 nobilem,
1115 2756 1144 2803 ut
1154 2754 1203 2814 ait,
1224 2754 1324 2816 Peripa-

257 2838 358 2888 teticum
367 2837 415 2903 (De
427 2839 500 2900 rin,
512 2841 541 2900 V,
551 2845 592 2894 36.
608 2842 706 2890 Staseas
718 2844 783 2902 apud
797 2841 910 2890 Pisonem
920 2841 972 2905 jam
981 2842 1022 2892 illo
1030 2846 1140 2904 tempore
1148 2846 1202 2892 erat
1209 2859 1258 2905 quo
1266 2844 1323 2892 hia-

257 2928 340 2991 logum
350 2929 388 2977 De
397 2929 506 2979 Oratore
514 2931 625 2980 habitum
637 2945 693 2980 esse
705 2930 778 2995 fingit
790 2931 888 2991 Cicero,
902 2931 1010 2995 Philippo
1023 2946 1074 2981 cos.
1088 2946 1116 2980 a,
1125 2935 1182 2980 663.
1194 2933 1233 2983 De
1246 2934 1321 2982 Orat.

258 3016 281 3074 Ι,
296 3014 346 3080 33).

289 3107 302 3143 2
316 3109 384 3157 Philo
402 3125 478 3170 quum
495 3110 657 3160 Mithridatico
674 3112 752 3170 bello,
773 3097 880 3175 6611663
899 3111 1012 3173 Pompeio
1025 3125 1088 3160 coss.
1104 3126 1127 3160 a.
1142 3115 1205 3172 666,
1220 3114 1322 3161 Romam

256 3197 417 3261 profugisset,
432 3200 458 3247 P.
473 3202 498 3248 et
511 3200 536 3247 G.
548 3200 638 3249 Selium
650 3202 675 3249 et
687 3199 814 3250 Tetrilium
827 3202 935 3265 Rogum,
950 3202 980 3248 de
992 3200 1081 3261 quihus
1091 3200 1144 3263 J'am
1156 3202 1246 3250 mentio
1259 3202 1322 3250 tacta

255 3288 307 3345 est,
332 3287 357 3335 6.
377 3287 459 3336 Aurei·
480 3289 574 3337 Cottam
593 3289 732 3351 pontificem
752 3287 800 3352 (De
819 3290 881 3339 Nat.
905 3290 997 3348 Deor„
1019 3289 1043 3348 1,
1064 3292 1092 3348 7,
1113 3292 1143 3338 et
1162 3295 1187 3338 et
1205 3288 1320 3353 passim),

256 3375 284 3433 Q.
300 3376 411 3424 Catulum
424 3373 530 3440 (dead,
546 3377 580 3436 ΙΙ,
594 3379 619 3436 t,
634 3380 658 3435 6,
673 3375 714 3441 68)
727 3381 753 3426 et
765 3379 903 3440 complures
918 3378 978 3425 alios
992 3379 1074 3427 Romae
1085 3380 1209 3428 auditores
1221 3380 1320 3439 habuit3

255 3466 290 3514 ibi
307 3469 368 3515 duos
386 3467 461 3515 libros
479 3467 554 3516 edidit
571 3481 647 3529 quos,
661 3467 833 3516 Alexandriam
847 3468 947 3526 allatos,
961 3466 987 3514 in
1000 3468 1112 3517 Antiochi
1125 3484 1213 3518 manus
1225 3469 1322 3518 senisse
1395 3516 1401 3530 ,

144 3555 147 3556 ’
255 3568 279 3602 a.
299 3557 346 3603 668
358 3554 410 3617 jam
423 3556 567 3614 retulimus,
587 3559 612 3604 et
624 3555 684 3605 alios
697 3556 800 3605 forsitan
813 3558 932 3617 quosdam
945 3558 1063 3605 adversus
1075 3558 1168 3606 Susum
1180 3559 1319 3621 rescriptos.

256 3646 335 3694 Patria
348 3648 431 3694 autem
444 3660 574 3710 egressus,
594 3649 694 3695 domum
707 3660 833 3707 nunquam
848 3660 962 3695 reversus
975 3650 1013 3696 est
1026 3645 1128 3711 (Tura,
1143 3650 1170 3709 V,
1186 3647 1241 3713 37);
1256 3652 1322 3699 uude

255 3734 327 3783 facile
340 3735 428 3800 conjici
440 3739 520 3798 potest
532 3750 589 3784 eum
602 3737 685 3785 Romae
698 3740 824 3786 mortuum
837 3750 901 3794 asse,
915 3752 1003 3801 nempe
1016 3743 1073 3787 ante
1081 3753 1173 3788 annum
1181 3753 1230 3801 quo
1239 3739 1321 3788 Cicero

256 3825 287 3870 ad
300 3823 448 3872 audiendum
466 3824 611 3873 Antiochum
630 3826 737 3873 Athenas
757 3826 879 3887 protectus
897 3830 949 3886 est,
967 3827 1001 3875 ita
1018 3830 1045 3877 ut
1062 3840 1119 3876 eum
1132 3842 1155 3875 a.
1170 3830 1217 3876 670
1230 3827 1321 3876 obiisse

256 3912 369 3973 equidem
386 3913 584 3962 existimaverim.
660 3923 662 3926 ’

286 3997 424 4061 31366366,
443 4016 464 4050 c.
484 4005 524 4050 89.
541 4005 621 4051 -De
638 4002 761 4052 Ciceronis
781 4003 887 4052 Philonis
905 4003 1032 4064 auditore,
1051 4020 1075 4053 v.
1092 4005 1129 4054 De
1141 4005 1205 4055 Not.
1221 4005 1317 4063 Deva,

256 4090 279 4148 l,
294 4094 308 4138 3
322 4091 502 4139 etl-Ture.
517 4091 551 4149 ll,
567 4091 792 4140 {tetih-Acori.
808 4093 834 4150 Ι,
848 4095 877 4152 t3
892 4094 926 4152 ΙΙ,
941 4090 1316 4157 o.-xd1)io.,xr11,ep.tt.

254 4211 288 4223 -
300 4179 389 4229 ductor
403 4179 460 4229 dial.
476 4180 513 4230 Do
527 4180 617 4240 Orat,
632 4194 654 4228 c.
670 4184 709 4229 30.
725 4214 758 4225 -
771 4182 849 4240 Plut,
867 4181 919 4232 Vit.
935 4181 1003 4241 dic,
1019 4196 1042 4244 p.
1059 4185 1115 4231 861.
