2967 4609
245 356 371 429 deinde
385 354 443 427 illa
460 354 673 451 perpendere
688 375 796 427 ausus
809 362 862 427 est
879 363 914 427 et
932 371 1019 426 nova
1034 352 1194 448 quaedam
1212 376 1311 427 com-

247 476 372 566 movit,
387 475 469 572 quia
483 499 523 551 ea
537 475 710 550 sustinere
722 476 777 548 vix
789 484 940 573 poterat,
954 498 1032 571 quae
1047 484 1166 548 contra
1180 474 1312 550 Acade·
1365 562 1370 569 ,

247 600 326 673 miae
340 598 567 697 pertinaciam
589 599 817 673 dicebantur:
834 598 1002 695 paulatim
1022 608 1210 672 evanuerat
1222 598 1312 672 Aca·
1411 683 1415 690 .

248 721 382 794 demica
404 720 463 793 illa
487 719 699 794 assensionis
715 719 883 809 retentio,
899 719 945 793 ita
961 729 1017 808 ut,
1035 719 1123 792 nihil
1138 742 1201 792 suo
1219 720 1311 815 pris-

248 842 321 914 tino
334 863 431 915 more
446 841 599 915 sentiens
614 850 648 914 et
662 841 717 915 sui
730 840 922 914 admodum
936 840 1137 929 dissimilis,
1150 841 1310 913 assentiri

245 965 317 1060 jam
335 963 493 1052 auderet,
505 964 665 1058 quaedam
679 962 812 1060 percipi
824 972 859 1036 et
871 961 1121 1059 comprehendi
1135 962 1314 1050 fateretur,

247 1094 282 1159 et
296 1108 371 1159 esse
380 1107 498 1158 rerum
511 1083 1125 1180 evidentiam,cognitiincognitique
1136 1082 1313 1181 judicium

249 1208 449 1281 affirmaret.
460 1205 598 1279 Veritus
608 1216 726 1280 autem
737 1228 782 1280 ne
797 1206 840 1279 ad
850 1206 983 1280 Stoicos
995 1205 1138 1303 propius
1150 1206 1316 1280 accedere

249 1329 335 1403 etin
355 1352 478 1402 eorum
497 1339 612 1425 partes
632 1328 780 1402 transire
800 1328 992 1418 videretur,
1008 1329 1054 1401 ita
1069 1319 1166 1402 hunc
1181 1328 1314 1401 nodum

248 1449 430 1547 expedivit,
455 1459 496 1523 ut
523 1459 646 1523 natura
676 1449 820 1545 quidem
843 1449 1006 1546 cognosci
1031 1472 1086 1522 res
1109 1450 1316 1538 affirmaret,

247 1595 288 1648 eo
306 1581 424 1646 tamen
445 1570 550 1644 modo
571 1593 641 1666 quo
659 1570 764 1644 Stoici
787 1571 915 1645 vellent
936 1570 1189 1668 comprehendi
1210 1593 1314 1668 posse

251 1694 427 1790 negarat

248 1822 254 1834 ’
299 1813 383 1899 Quae
397 1836 508 1910 quum
522 1813 652 1887 luerint
665 1812 824 1887 Philonis
837 1812 1029 1902 sententia,
1044 1813 1126 1886 satis
1139 1812 1221 1887 inde
1230 1835 1317 1886 con-

247 1937 307 2036 jiei
329 1944 442 2034 potest
462 1935 662 2026 Platonem,
679 1959 720 2010 eo
734 1936 871 2034 judice,
891 1959 962 2010 non
977 1936 1083 2034 hujus
1104 1946 1223 2026 secta,
1237 1959 1317 2032 quae

252 2077 421 2155 suspensa
436 2080 573 2154 semper
587 2067 622 2131 et
635 2058 767 2131 incerta
780 2068 832 2132 est
843 2059 922 2148 ,sed
932 2058 1100 2132 doctrine
1114 2069 1317 2154 certaquae-

252 2179 334 2253 dam
358 2179 584 2253 asseverantis
607 2188 642 2252 et
659 2179 858 2282 constitutae
883 2179 1112 2275 philosophiae
1135 2191 1316 2277 parentem

252 2310 288 2378 et
310 2299 504 2397 principem
529 2298 646 2373 luisse.
672 2300 750 2374 Non
772 2300 878 2396 igitur
900 2299 1092 2374 Arcesilam
1110 2302 1256 2398 ejusque
1279 2302 1317 2373 in

252 2420 439 2495 Academia
459 2443 677 2516 successores
692 2419 907 2511 imitabatur,
928 2422 990 2517 qui
1005 2422 1188 2497 Platonem
1203 2424 1319 2520 prose-

254 2544 378 2617 rebant
399 2551 434 2617 et
451 2542 487 2615 in
508 2553 622 2640 partes
639 2566 720 2617 suas
735 2544 834 2639 quasi
850 2544 998 2617 invitum
1013 2545 1209 2621 trahebant.
1229 2546 1318 2619 Aca-

254 2664 406 2737 demiam
426 2686 499 2737 non
524 2685 606 2738 cum
629 2661 703 2738 istis
726 2687 842 2739 errare
861 2674 896 2739 et
911 2667 1100 2756 fluctuare,
1118 2667 1178 2740 sed
1193 2667 1229 2740 in
1246 2668 1318 2741 veri

255 2785 370 2859 studio
384 2785 570 2866 etscientia
581 2809 663 2860 curn
674 2787 1208 2883 Platoneacquiescerevoleba't:
1225 2789 1319 2885 quod

255 2916 428 2981 testantur
444 2909 519 2981 haec
531 2907 718 3005 Augustini
732 2910 853 2983 verba:
872 2907 1121 2983 «Aualerone
1136 2909 1322 2984 auctorita·

258 3038 359 3102 vtem
373 3028 537 3125 legesque
549 3027 775 3103 Academiam
789 3028 893 3103 Philo
907 3029 1155 3104 revocabatlu

305 3149 421 3234 Quum
442 3160 560 3223 autem
581 3150 628 3224 ita
653 3151 757 3224 Philo
781 3151 972 3225 Arcesilam
996 3161 1030 3226 et
1046 3152 1260 3226 Carneadem
1284 3162 1320 3226 11

257 3269 515 3344 Clitomachum
539 3271 583 3344 ad
605 3291 713 3345 unam
742 3272 839 3345 illam
864 3284 899 3346 et
922 3282 1074 3347 veterem
1097 3272 1322 3347 Academiam

258 3407 417 3466 revocare
432 3401 599 3481 tentaret,
614 3389 799 3467 obstabant
813 3404 848 3468 et
861 3394 1104 3490 repugnabant
1116 3417 1239 3469 eorum
1248 3395 1318 3468 de·

186 3522 188 3527 ’
260 3525 374 3588 creta:
394 3538 472 3609 quae
491 3515 558 3588 nisi
578 3514 865 3612 interpretaretur
884 3525 919 3588 et
931 3516 980 3588 ad
996 3515 1203 3590 sententiam
1219 3539 1320 3590 suam

260 3635 560 3725 accommodaret,
573 3636 649 3710 baec
665 3636 779 3709 omnis
794 3636 950 3709 doctrina
965 3628 1008 3710 ad
1024 3637 1176 3710 nihilum
1190 3636 1327 3732 redige·
1351 3666 1353 3668 ·
1469 3695 1470 3702 ,

298 3881 303 3913 ¹
321 3878 413 3939 Acad„
432 3881 470 3939 ll,
485 3883 509 3928 6.
523 3906 556 3916 —
569 3881 673 3931 Numen.
687 3896 727 3943 ap.
742 3882 832 3931 Euseb.
848 3882 933 3946 Proep.
950 3896 1004 3942 co,
1018 3885 1084 3942 llll,
1099 3897 1121 3932 c.
1137 3889 1166 3943 9,
1180 3900 1204 3947 p.
1221 3865 1324 3942 719111.

261 3995 294 4005 -
306 3970 372 4019 Sext.
389 3970 458 4033 Emp.
475 3970 545 4034 Hyp.
564 3967 677 4034 Pyrra,
692 3970 717 4029 1,
732 3985 754 4018 c.
770 3975 816 4029 33,
830 3969 844 4032 §
858 3974 915 4019 235.
929 3998 961 4007 -
975 3970 1028 4030 m,
1044 3972 1080 4030 ll,
1095 3985 1117 4020 c.
1133 3970 1208 4042 ll,§
1223 3976 1276 4021 110Ι
1294 3999 1328 4008 -

264 4057 327 4109 nov.
342 4057 445 4118 Mara,
460 4059 527 4117 vm,
542 4057 555 4123 ᾗ
571 4056 625 4107 na.

296 4147 307 4183 ‘-'
323 4148 421 4198 Contra
433 4146 528 4204 dead,
544 4147 590 4205 lll‚
606 4145 619 4209 ᾖ
633 4150 673 4194 11.
