2967 4609
731 226 777 300 78

275 373 406 448 Eadem
431 372 537 469 igitur
553 380 653 446 aetate
671 394 739 468 qua
763 368 940 445 Panaetius
965 380 1000 446 et
1023 370 1232 446 Posidonius
1253 384 1289 446 et

222 496 295 593 jam
320 495 423 592 paulo
445 473 577 567 lacilicr
599 493 657 568 illa
683 491 881 567 Stoicorum
907 494 1032 567 cohors
1060 492 1288 569 Academicos

225 626 354 691 veteres
378 626 413 689 et
429 613 675 712 Peripateticos
695 614 854 688 invocare
876 637 947 689 non
970 614 1193 704 dubitabant,
1214 616 1288 712 ipse

224 736 453 811 Academicus
468 731 550 810 cum
562 735 686 809 Stoicis
700 734 737 807 in
752 734 949 832 pactionem
963 734 1076 824 vehit,
1089 745 1124 809 et
1139 736 1287 810 Zenonis

184 903 189 918 ·
225 857 464 954 disciplinam,
486 854 636 930 molliori
663 864 779 929 tameo
800 856 1019 958 philosophia
1041 866 1288 953 temperatam,

225 978 376 1054 admisit.
1237 982 1242 993 '

273 1101 390 1187 Quom
414 1121 494 1196 ergo
518 1097 727 1188 Antiochus,
742 1097 938 1183 doctrinam
956 1121 1097 1172 omnem
1112 1099 1290 1174 aPlatone

224 1233 258 1297 et
279 1223 323 1296 ah
340 1221 522 1295 Aristotele
543 1220 784 1317 praecipueque
800 1243 819 1292 a
835 1219 959 1292 Stoicis
980 1229 1180 1309 mutuatus,
1200 1217 1289 1292 nihil

225 1343 405 1441 proprium
433 1341 611 1430 habuerit,
634 1340 723 1413 nihil
745 1340 822 1413 novi
841 1339 1044 1437 protulerit,
1063 1341 1106 1414 de
1124 1339 1289 1414 Antiochi

224 1462 443 1562 philosophia
458 1461 633 1560 judicium
650 1462 741 1535 serre
758 1460 981 1558 suscipienti,
1000 1483 1072 1548 non
1090 1459 1204 1534 solum
1220 1460 1289 1533 An-

224 1585 332 1659 tiochi
351 1595 455 1658 tenue
475 1606 620 1671 nomen,
638 1583 699 1656 sed
721 1581 907 1656 Academia
929 1582 1004 1679 ipsa
1024 1591 1058 1655 et
1077 1583 1241 1678 Lycaeum
1256 1592 1292 1655 et

223 1706 395 1795 Porticus,
414 1702 697 1802 splendidissima
717 1702 946 1800 philosophie
967 1702 1119 1799 antiquae
1142 1703 1291 1794 lumina,

225 1836 458 1901 occurrerent.

274 1951 319 2022 Et
334 1957 423 2023 'sane
446 1947 596 2022 maxima
615 1947 692 2021 laus
710 1946 780 2021 illis
799 1954 971 2046 servetur,
990 1956 1031 2019 ut
1052 1968 1194 2042 aequum
1218 1956 1290 2035 est,

226 2070 286 2167 qui
312 2079 449 2160 aetatem
473 2091 574 2144 suam
599 2067 698 2166 quasi
724 2077 995 2164 precurrentes,
1022 2068 1101 2140 cito
1125 2067 1289 2165 lampado

228 2191 466 2278 tradiderunt,
498 2200 533 2263 et
565 2211 691 2262 arcana
715 2188 901 2284 abditaque
925 2188 1043 2285 generi
1069 2190 1224 2263 humano
1252 2190 1289 2261 in

198 2354 201 2361 ·
226 2314 342 2388 lucem
367 2310 571 2402 ediderunt3
596 2309 645 2383 illi
668 2320 786 2383 tamen
811 2309 907 2383 omni
931 2311 1063 2384 honore
1086 2331 1157 2383 non
1184 2311 1310 2384 desti.

226 2434 345 2509 tuendi
364 2443 464 2522 sunt,
479 2432 539 2529 qui
558 2432 680 2506 ceteris
699 2431 855 2506 studium
873 2412 1290 2528 philosophiae-amorem-

226 2579 294 2652 que
321 2554 498 2651 sapientiae
525 2553 729 2651 injecerunt.
754 2553 828 2627 Hoc
851 2553 934 2626 satis
960 2553 1005 2626 'sit
1029 2551 1192 2626 Antiochi
1219 2551 1290 2650 glo-

227 2676 306 2766 riae,
329 2675 389 2771 qui
412 2672 554 2772 quidem
578 2684 612 2748 et
634 2675 676 2747 de
693 2673 910 2772 philosophia
935 2676 1028 2749 etde
1046 2675 1210 2749 omnihus
1228 2674 1289 2765 iis,

228 2820 315 2893 quos
330 2806 392 2870 aut
405 2794 579 2870 auditores
595 2795 856 2887 autlamiliares
874 2795 1016 2886 hahuit,
1033 2796 1123 2870 bene
1136 2797 1289 2893 prolecto

227 2919 373 2994 meritus
392 2928 454 2993 est.
477 2913 566 2992 Nam
588 2917 758 3015 quidquid
774 2919 932 3015 superior
950 2928 1032 2992 aetas
1048 2919 1117 2992 sive
1134 2919 1178 2993 ad
1193 2921 1290 2993 exci-

227 3039 332 3114 tanda
354 3039 492 3136 ingenia
509 3037 752 3136 splenchlum,
770 3039 840 3112 sive
857 3041 899 3112 ad
916 3039 1154 3113 informandos
1175 3063 1289 3140 mores

228 3161 313 3235 utile
325 3160 517 3249 invenerat,
527 3159 673 3233 eximius
688 3159 746 3233 ille
759 3159 974 3256 antiquitatis
987 3171 1131 3251 amator,
1142 3161 1199 3257 pio
1213 3172 1290 3234 tan-

229 3305 340 3378 quam¹
351 3280 467 3354 animo
481 3281 625 3378 excepit,
640 3291 685 3370 et,
700 3281 868 3379 peculiari
881 3280 1077 3356 Academiae
1092 3283 1290 3379 eloquentia

228 3403 448 3491 adornatum,
460 3401 544 3475 hinc
555 3401 796 3492 Alexandrinis
808 3403 931 3477 veteris
944 3403 1085 3483 Graeciae
1097 3388 1290 3501 discipulis,

86 3517 87 3521 ’
106 3513 109 3518 ’
180 3570 182 3575 ·
228 3524 312 3598 hinc
329 3521 498 3597 Romanis
517 3544 640 3596 novam
661 3520 727 3596 sihi
748 3522 894 3618 gloriam
913 3519 1186 3615 vindicantibus,
1201 3548 1291 3622 prae-

229 3645 358 3720 claram
373 3643 610 3719 haereditatem
623 3642 775 3718 tradidit.
