<?xml version="1.0" encoding="UTF-8"?>
<!DOCTYPE html PUBLIC "-//W3C//DTD XHTML 1.0 Transitional//EN"
    "http://www.w3.org/TR/xhtml1/DTD/xhtml1-transitional.dtd">
<html xmlns="http://www.w3.org/1999/xhtml" xml:lang="en" lang="en">
 <head>
  <title>
</title>
<meta http-equiv="Content-Type" content="text/html;charset=utf-8" />
  <meta name='ocr-system' content='tesseract 3.04.00' />
  <meta name='ocr-capabilities' content='ocr_page ocr_carea ocr_par ocr_line ocrx_word'/>
</head>
<body>
  <div class='ocr_page' id='page_1' title='image "./deantiochiascal00chapgoog_0047.png"; bbox 0 0 2967 4609; ppageno 0'>
   <div class='ocr_carea' id='block_1_1' title="bbox 699 185 746 258">
    <p class='ocr_par' dir='ltr' id='par_1_1' title="bbox 699 185 746 258">
     <span class='ocr_line' id='line_1_1' title="bbox 699 185 746 258; baseline 0.021 -1"><span class='ocrx_word' id='word_1_1' title='bbox 699 185 746 258; x_wconf 65' lang='lat'>23</span> 
     </span>
    </p>
   </div>
   <div class='ocr_carea' id='block_1_2' title="bbox 105 326 1344 1999">
    <p class='ocr_par' dir='ltr' id='par_1_2' title="bbox 192 326 1256 789">
     <span class='ocr_line' id='line_1_2' title="bbox 193 326 1256 425; baseline 0.001 -24"><span class='ocrx_word' id='word_1_2' title='bbox 193 326 452 425; x_wconf 81' lang='lat' dir='ltr'>imperatoriam</span> <span class='ocrx_word' id='word_1_3' title='bbox 474 327 678 425; x_wconf 85' lang='lat' dir='ltr'>dignitatem</span> <span class='ocrx_word' id='word_1_4' title='bbox 701 329 861 403; x_wconf 92' lang='lat' dir='ltr'>nondum</span> <span class='ocrx_word' id='word_1_5' title='bbox 884 328 1074 425; x_wconf 75' lang='lat' dir='ltr'>adepturus</span> <span class='ocrx_word' id='word_1_6' title='bbox 1097 339 1172 402; x_wconf 91' lang='lat' dir='ltr'>erat</span> <span class='ocrx_word' id='word_1_7' title='bbox 1191 352 1256 403; x_wconf 89' lang='lat' dir='ltr'>nec</span> 
     </span>
     <span class='ocr_line' id='line_1_3' title="bbox 192 448 1256 547; baseline 0 -25"><span class='ocrx_word' id='word_1_8' title='bbox 192 449 305 523; x_wconf 87' lang='lat' dir='ltr'>Patris</span> <span class='ocrx_word' id='word_1_9' title='bbox 319 448 444 523; x_wconf 80' lang='lat' dir='ltr'>Patriae</span> <span class='ocrx_word' id='word_1_10' title='bbox 461 472 665 545; x_wconf 85' lang='lat' dir='ltr'>cognomen.</span> <span class='ocrx_word' id='word_1_11' title='bbox 691 450 759 524; x_wconf 86' lang='lat' dir='ltr'>Sed</span> <span class='ocrx_word' id='word_1_12' title='bbox 770 451 860 547; x_wconf 85' lang='lat' dir='ltr'>jam,</span> <span class='ocrx_word' id='word_1_13' title='bbox 880 449 955 523; x_wconf 90' lang='lat' dir='ltr'>vive</span> <span class='ocrx_word' id='word_1_14' title='bbox 969 448 1158 539; x_wconf 91' lang='lat' dir='ltr'>Antiocho,</span> <span class='ocrx_word' id='word_1_15' title='bbox 1182 450 1256 546; x_wconf 92' lang='lat' dir='ltr'>pri-</span> 
     </span>
     <span class='ocr_line' id='line_1_4' title="bbox 192 569 1256 667; baseline 0.001 -23"><span class='ocrx_word' id='word_1_16' title='bbox 192 594 267 645; x_wconf 85' lang='lat' dir='ltr'>mas</span> <span class='ocrx_word' id='word_1_17' title='bbox 277 571 369 648; x_wconf 85' lang='lat' dir='ltr'>iuter</span> <span class='ocrx_word' id='word_1_18' title='bbox 378 580 532 645; x_wconf 88' lang='lat' dir='ltr'>oratores</span> <span class='ocrx_word' id='word_1_19' title='bbox 543 570 724 644; x_wconf 88' lang='lat' dir='ltr'>obtinebat</span> <span class='ocrx_word' id='word_1_20' title='bbox 735 594 822 667; x_wconf 87' lang='lat' dir='ltr'>quas</span> <span class='ocrx_word' id='word_1_21' title='bbox 831 570 868 643; x_wconf 94' lang='lat' dir='ltr'>in</span> <span class='ocrx_word' id='word_1_22' title='bbox 877 569 1059 667; x_wconf 87' lang='lat' dir='ltr'>posteriori</span> <span class='ocrx_word' id='word_1_23' title='bbox 1072 569 1149 644; x_wconf 80' lang='lat' dir='ltr'>vitae</span> <span class='ocrx_word' id='word_1_24' title='bbox 1158 581 1256 667; x_wconf 87' lang='lat' dir='ltr'>parte</span> 
     </span>
     <span class='ocr_line' id='line_1_5' title="bbox 192 692 775 789; baseline 0.002 -25"><span class='ocrx_word' id='word_1_25' title='bbox 192 693 283 766; x_wconf 83' lang='lat' dir='ltr'>inter</span> <span class='ocrx_word' id='word_1_26' title='bbox 296 692 676 789; x_wconf 88' lang='lat' dir='ltr'>philosophosacturus</span> <span class='ocrx_word' id='word_1_27' title='bbox 690 701 775 765; x_wconf 88' lang='lat' dir='ltr'>erat.</span> 
     </span>
    </p>

    <p class='ocr_par' dir='ltr' id='par_1_3' title="bbox 105 800 1344 1999">
     <span class='ocr_line' id='line_1_6' title="bbox 240 800 1255 900; baseline -0.002 -14"><span class='ocrx_word' id='word_1_28' title='bbox 240 814 259 886; x_wconf 89' lang='lat' dir='ltr'>J</span> <span class='ocrx_word' id='word_1_29' title='bbox 263 812 366 887; x_wconf 90' lang='lat' dir='ltr'>unior</span> <span class='ocrx_word' id='word_1_30' title='bbox 379 822 496 887; x_wconf 86' lang='lat' dir='ltr'>autem</span> <span class='ocrx_word' id='word_1_31' title='bbox 510 814 624 887; x_wconf 85' lang='lat' dir='ltr'>Pansa</span> <span class='ocrx_word' id='word_1_32' title='bbox 641 812 801 886; x_wconf 89' lang='lat' dir='ltr'>nondum</span> <span class='ocrx_word' id='word_1_33' title='bbox 817 811 861 886; x_wconf 88' lang='lat' dir='ltr'>ad</span> <span class='ocrx_word' id='word_1_34' title='bbox 876 813 1027 886; x_wconf 86' lang='lat' dir='ltr'>honores</span> <span class='ocrx_word' id='word_1_35' title='bbox 1045 800 1255 900; x_wconf 87' lang='lat' dir='ltr'>accesserat,</span> 
     </span>
     <span class='ocr_line' id='line_1_7' title="bbox 191 933 1256 1031; baseline -0.001 -22"><span class='ocrx_word' id='word_1_36' title='bbox 191 935 268 1031; x_wconf 90' lang='lat' dir='ltr'>qui,</span> <span class='ocrx_word' id='word_1_37' title='bbox 283 933 423 1023; x_wconf 88' lang='lat' dir='ltr'>consul,</span> <span class='ocrx_word' id='word_1_38' title='bbox 436 934 541 1008; x_wconf 90' lang='lat' dir='ltr'>vitam</span> <span class='ocrx_word' id='word_1_39' title='bbox 555 957 626 1008; x_wconf 95' lang='lat' dir='ltr'>non</span> <span class='ocrx_word' id='word_1_40' title='bbox 640 934 715 1009; x_wconf 88' lang='lat' dir='ltr'>sinc</span> <span class='ocrx_word' id='word_1_41' title='bbox 729 933 838 1031; x_wconf 84' lang='lat' dir='ltr'>gloria</span> <span class='ocrx_word' id='word_1_42' title='bbox 851 957 914 1031; x_wconf 92' lang='lat' dir='ltr'>pro</span> <span class='ocrx_word' id='word_1_43' title='bbox 930 935 1041 1010; x_wconf 86' lang='lat' dir='ltr'>salute</span> <span class='ocrx_word' id='word_1_44' title='bbox 1052 945 1087 1009; x_wconf 91' lang='lat' dir='ltr'>et</span> <span class='ocrx_word' id='word_1_45' title='bbox 1098 934 1256 1009; x_wconf 86' lang='lat' dir='ltr'>libertate</span> 
     </span>
     <span class='ocr_line' id='line_1_8' title="bbox 192 1054 531 1152; baseline -0.003 -24"><span class='ocrx_word' id='word_1_46' title='bbox 192 1055 393 1152; x_wconf 84' lang='lat' dir='ltr'>reipublicae</span> <span class='ocrx_word' id='word_1_47' title='bbox 405 1054 531 1129; x_wconf 90' lang='lat' dir='ltr'>amisit.</span> 
     </span>
     <span class='ocr_line' id='line_1_9' title="bbox 113 1169 1255 1273; baseline -0.004 -22"><span class='ocrx_word' id='word_1_48' title='bbox 113 1169 129 1196; x_wconf 76' lang='lat'><em>⁶</em></span> <span class='ocrx_word' id='word_1_49' title='bbox 240 1177 291 1251; x_wconf 86' lang='lat' dir='ltr'>lta</span> <span class='ocrx_word' id='word_1_50' title='bbox 306 1200 346 1251; x_wconf 83' lang='lat' dir='ltr'>ex</span> <span class='ocrx_word' id='word_1_51' title='bbox 358 1176 489 1273; x_wconf 91' lang='lat' dir='ltr'>optimo</span> <span class='ocrx_word' id='word_1_52' title='bbox 502 1175 561 1250; x_wconf 89' lang='lat' dir='ltr'>illo</span> <span class='ocrx_word' id='word_1_53' title='bbox 571 1175 734 1250; x_wconf 76' lang='lat' dir='ltr'>Antiochi</span> <span class='ocrx_word' id='word_1_54' title='bbox 749 1175 1003 1273; x_wconf 87' lang='lat' dir='ltr'>discipulorum</span> <span class='ocrx_word' id='word_1_55' title='bbox 1016 1175 1255 1251; x_wconf 88' lang='lat' dir='ltr'>etamicorum</span> 
     </span>
     <span class='ocr_line' id='line_1_10' title="bbox 192 1295 1256 1394; baseline 0 -25"><span class='ocrx_word' id='word_1_56' title='bbox 192 1320 312 1394; x_wconf 83' lang='lat' dir='ltr'>grege,</span> <span class='ocrx_word' id='word_1_57' title='bbox 328 1295 397 1370; x_wconf 90' lang='lat' dir='ltr'>duo</span> <span class='ocrx_word' id='word_1_58' title='bbox 415 1298 626 1393; x_wconf 76' lang='lat' dir='ltr'>prestabant</span> <span class='ocrx_word' id='word_1_59' title='bbox 640 1319 766 1393; x_wconf 83' lang='lat' dir='ltr'>nempe</span> <span class='ocrx_word' id='word_1_60' title='bbox 781 1297 904 1371; x_wconf 87' lang='lat' dir='ltr'>litteris</span> <span class='ocrx_word' id='word_1_61' title='bbox 918 1297 1068 1372; x_wconf 84' lang='lat' dir='ltr'>maxime</span> <span class='ocrx_word' id='word_1_62' title='bbox 1084 1296 1256 1371; x_wconf 85' lang='lat' dir='ltr'>nobilitati</span> 
     </span>
     <span class='ocr_line' id='line_1_11' title="bbox 193 1416 1344 1514; baseline -0.002 -20"><span class='ocrx_word' id='word_1_63' title='bbox 193 1418 299 1494; x_wconf 86' lang='lat' dir='ltr'>Varro</span> <span class='ocrx_word' id='word_1_64' title='bbox 317 1426 352 1492; x_wconf 93' lang='lat' dir='ltr'>et</span> <span class='ocrx_word' id='word_1_65' title='bbox 370 1416 511 1509; x_wconf 76' lang='lat' dir='ltr'>Cicer03</span> <span class='ocrx_word' id='word_1_66' title='bbox 536 1416 627 1492; x_wconf 91' lang='lat' dir='ltr'>civili</span> <span class='ocrx_word' id='word_1_67' title='bbox 641 1426 759 1491; x_wconf 86' lang='lat' dir='ltr'>autem</span> <span class='ocrx_word' id='word_1_68' title='bbox 775 1427 810 1493; x_wconf 87' lang='lat' dir='ltr'>et</span> <span class='ocrx_word' id='word_1_69' title='bbox 830 1416 953 1492; x_wconf 89' lang='lat' dir='ltr'>bellica</span> <span class='ocrx_word' id='word_1_70' title='bbox 967 1417 1071 1508; x_wconf 78' lang='lat' dir='ltr'>laude</span> <span class='ocrx_word' id='word_1_71' title='bbox 1093 1417 1254 1492; x_wconf 91' lang='lat' dir='ltr'>consules</span> <span class='ocrx_word' id='word_1_72' title='bbox 1326 1502 1344 1514; x_wconf 59' lang='lat'><em>„</em></span> 
     </span>
     <span class='ocr_line' id='line_1_12' title="bbox 193 1538 1328 1635; baseline -0.001 -22"><span class='ocrx_word' id='word_1_73' title='bbox 193 1550 353 1635; x_wconf 85' lang='lat' dir='ltr'>quatuor,</span> <span class='ocrx_word' id='word_1_74' title='bbox 377 1562 532 1635; x_wconf 91' lang='lat' dir='ltr'>quorum</span> <span class='ocrx_word' id='word_1_75' title='bbox 555 1548 625 1613; x_wconf 86' lang='lat' dir='ltr'>tres</span> <span class='ocrx_word' id='word_1_76' title='bbox 649 1538 875 1635; x_wconf 85' lang='lat' dir='ltr'>imperatores</span> <span class='ocrx_word' id='word_1_77' title='bbox 900 1540 1014 1629; x_wconf 87' lang='lat' dir='ltr'>suere,</span> <span class='ocrx_word' id='word_1_78' title='bbox 1037 1539 1107 1614; x_wconf 92' lang='lat' dir='ltr'>duo</span> <span class='ocrx_word' id='word_1_79' title='bbox 1131 1539 1258 1613; x_wconf 90' lang='lat' dir='ltr'>trium·</span> <span class='ocrx_word' id='word_1_80' title='bbox 1325 1590 1328 1600; x_wconf 81' lang='lat'><em>·</em></span> 
     </span>
     <span class='ocr_line' id='line_1_13' title="bbox 105 1655 1256 1757; baseline -0.001 -25"><span class='ocrx_word' id='word_1_81' title='bbox 105 1701 109 1706; x_wconf 94' lang='lat'>·</span> <span class='ocrx_word' id='word_1_82' title='bbox 193 1660 314 1757; x_wconf 88' lang='lat' dir='ltr'>phales</span> <span class='ocrx_word' id='word_1_83' title='bbox 326 1659 402 1754; x_wconf 74' lang='lat' dir='ltr'>viri.</span> <span class='ocrx_word' id='word_1_84' title='bbox 1248 1655 1256 1660; x_wconf 74' lang='grc'><strong>’</strong></span> 
     </span>
     <span class='ocr_line' id='line_1_14' title="bbox 242 1780 1254 1878; baseline -0.001 -22"><span class='ocrx_word' id='word_1_85' title='bbox 242 1782 387 1868; x_wconf 82' lang='lat' dir='ltr'>Quantis</span> <span class='ocrx_word' id='word_1_86' title='bbox 399 1792 477 1855; x_wconf 92' lang='lat' dir='ltr'>tum</span> <span class='ocrx_word' id='word_1_87' title='bbox 489 1780 613 1872; x_wconf 91' lang='lat' dir='ltr'>animi,</span> <span class='ocrx_word' id='word_1_88' title='bbox 626 1791 704 1855; x_wconf 90' lang='lat' dir='ltr'>tum</span> <span class='ocrx_word' id='word_1_89' title='bbox 717 1781 848 1878; x_wconf 84' lang='lat' dir='ltr'>ingenii</span> <span class='ocrx_word' id='word_1_90' title='bbox 864 1781 1004 1855; x_wconf 90' lang='lat' dir='ltr'>dotibus</span> <span class='ocrx_word' id='word_1_91' title='bbox 1017 1781 1183 1878; x_wconf 77' lang='lat' dir='ltr'>praeditus</span> <span class='ocrx_word' id='word_1_92' title='bbox 1196 1781 1254 1855; x_wconf 88' lang='lat' dir='ltr'>ille</span> 
     </span>
     <span class='ocr_line' id='line_1_15' title="bbox 153 1902 1254 1999; baseline 0.001 -24"><span class='ocrx_word' id='word_1_93' title='bbox 153 1953 174 1985; x_wconf 86' lang='lat'>·.</span> <span class='ocrx_word' id='word_1_94' title='bbox 193 1903 275 1993; x_wconf 80' lang='lat' dir='ltr'>suit,</span> <span class='ocrx_word' id='word_1_95' title='bbox 291 1926 397 1999; x_wconf 85' lang='lat' dir='ltr'>quem</span> <span class='ocrx_word' id='word_1_96' title='bbox 409 1903 494 1978; x_wconf 86' lang='lat' dir='ltr'>tales</span> <span class='ocrx_word' id='word_1_97' title='bbox 507 1903 570 1977; x_wconf 86' lang='lat' dir='ltr'>viri</span> <span class='ocrx_word' id='word_1_98' title='bbox 584 1926 698 1999; x_wconf 88' lang='lat' dir='ltr'>neque</span> <span class='ocrx_word' id='word_1_99' title='bbox 710 1902 920 1977; x_wconf 87' lang='lat' dir='ltr'>commercio</span> <span class='ocrx_word' id='word_1_100' title='bbox 934 1924 1047 1997; x_wconf 86' lang='lat' dir='ltr'>neque</span> <span class='ocrx_word' id='word_1_101' title='bbox 1060 1924 1178 1975; x_wconf 87' lang='lat' dir='ltr'>amore</span> <span class='ocrx_word' id='word_1_102' title='bbox 1190 1925 1254 1976; x_wconf 90' lang='lat' dir='ltr'>suo</span> 
     </span>
    </p>
   </div>
   <div class='ocr_carea' id='block_1_3' title="bbox 37 2019 1256 2236">
    <p class='ocr_par' dir='ltr' id='par_1_4' title="bbox 37 2019 1256 2236">
     <span class='ocr_line' id='line_1_16' title="bbox 37 2019 1255 2120; baseline 0 -24"><span class='ocrx_word' id='word_1_103' title='bbox 37 2019 42 2026; x_wconf 79' lang='grc'><strong>’</strong></span> <span class='ocrx_word' id='word_1_104' title='bbox 116 2073 121 2080; x_wconf 91' lang='grc'><strong>-</strong></span> <span class='ocrx_word' id='word_1_105' title='bbox 195 2024 378 2120; x_wconf 81' lang='lat' dir='ltr'>indignum</span> <span class='ocrx_word' id='word_1_106' title='bbox 403 2025 698 2100; x_wconf 84' lang='lat' dir='ltr'>existimaverunt!</span> <span class='ocrx_word' id='word_1_107' title='bbox 730 2023 894 2098; x_wconf 79' lang='lat' dir='ltr'>Antiochi</span> <span class='ocrx_word' id='word_1_108' title='bbox 925 2022 1109 2119; x_wconf 82' lang='lat' dir='ltr'>disciplina</span> <span class='ocrx_word' id='word_1_109' title='bbox 1132 2045 1255 2097; x_wconf 89' lang='lat' dir='ltr'>eorum</span> 
     </span>
     <span class='ocr_line' id='line_1_17' title="bbox 96 2144 1256 2236; baseline 0.001 -20"><span class='ocrx_word' id='word_1_110' title='bbox 96 2155 99 2161; x_wconf 86' lang='lat'>&#39;</span> <span class='ocrx_word' id='word_1_111' title='bbox 196 2154 349 2220; x_wconf 87' lang='lat' dir='ltr'>mentem</span> <span class='ocrx_word' id='word_1_112' title='bbox 366 2146 556 2236; x_wconf 83' lang='lat' dir='ltr'>exornavit,</span> <span class='ocrx_word' id='word_1_113' title='bbox 571 2146 729 2220; x_wconf 86' lang='lat' dir='ltr'>animum</span> <span class='ocrx_word' id='word_1_114' title='bbox 747 2144 954 2219; x_wconf 79' lang='lat' dir='ltr'>informavit.</span> <span class='ocrx_word' id='word_1_115' title='bbox 970 2144 1022 2218; x_wconf 90' lang='lat' dir='ltr'>Illi</span> <span class='ocrx_word' id='word_1_116' title='bbox 1039 2153 1256 2218; x_wconf 85' lang='lat' dir='ltr'>cumcontra</span> 
     </span>
    </p>
   </div>
   <div class='ocr_carea' id='block_1_4' title="bbox 194 2267 1259 3094">
    <p class='ocr_par' dir='ltr' id='par_1_5' title="bbox 194 2267 1259 3094">
     <span class='ocr_line' id='line_1_18' title="bbox 194 2267 1258 2367; baseline -0.001 -25"><span class='ocrx_word' id='word_1_117' title='bbox 194 2270 311 2367; x_wconf 76' lang='lat' dir='ltr'>gloriae</span> <span class='ocrx_word' id='word_1_118' title='bbox 326 2294 398 2345; x_wconf 88' lang='lat' dir='ltr'>suae</span> <span class='ocrx_word' id='word_1_119' title='bbox 418 2271 529 2345; x_wconf 88' lang='lat' dir='ltr'>secere</span> <span class='ocrx_word' id='word_1_120' title='bbox 545 2270 771 2367; x_wconf 82' lang='lat' dir='ltr'>participem:</span> <span class='ocrx_word' id='word_1_121' title='bbox 797 2269 854 2343; x_wconf 90' lang='lat' dir='ltr'>cui</span> <span class='ocrx_word' id='word_1_122' title='bbox 870 2268 965 2343; x_wconf 89' lang='lat' dir='ltr'>enim</span> <span class='ocrx_word' id='word_1_123' title='bbox 982 2269 1025 2342; x_wconf 90' lang='lat' dir='ltr'>de</span> <span class='ocrx_word' id='word_1_124' title='bbox 1041 2267 1189 2342; x_wconf 90' lang='lat' dir='ltr'>Lucullo</span> <span class='ocrx_word' id='word_1_125' title='bbox 1207 2268 1258 2342; x_wconf 90' lang='lat' dir='ltr'>lo-</span> 
     </span>
     <span class='ocr_line' id='line_1_19' title="bbox 195 2388 1259 2488; baseline -0.003 -24"><span class='ocrx_word' id='word_1_126' title='bbox 195 2391 315 2488; x_wconf 86' lang='lat' dir='ltr'>quenti</span> <span class='ocrx_word' id='word_1_127' title='bbox 331 2414 401 2465; x_wconf 92' lang='lat' dir='ltr'>non</span> <span class='ocrx_word' id='word_1_128' title='bbox 424 2400 584 2466; x_wconf 87' lang='lat' dir='ltr'>occurret</span> <span class='ocrx_word' id='word_1_129' title='bbox 603 2391 763 2479; x_wconf 89' lang='lat' dir='ltr'>comitis,</span> <span class='ocrx_word' id='word_1_130' title='bbox 784 2388 904 2478; x_wconf 85' lang='lat' dir='ltr'>amici,</span> <span class='ocrx_word' id='word_1_131' title='bbox 928 2388 1085 2485; x_wconf 82' lang='lat' dir='ltr'>magistri</span> <span class='ocrx_word' id='word_1_132' title='bbox 1106 2390 1259 2462; x_wconf 75' lang='lat' dir='ltr'>nomen?</span> 
     </span>
     <span class='ocr_line' id='line_1_20' title="bbox 195 2508 1258 2608; baseline -0.002 -24"><span class='ocrx_word' id='word_1_133' title='bbox 195 2511 359 2586; x_wconf 88' lang='lat' dir='ltr'>Varronis</span> <span class='ocrx_word' id='word_1_134' title='bbox 374 2511 516 2607; x_wconf 91' lang='lat' dir='ltr'>quidem</span> <span class='ocrx_word' id='word_1_135' title='bbox 536 2533 640 2607; x_wconf 90' lang='lat' dir='ltr'>opera</span> <span class='ocrx_word' id='word_1_136' title='bbox 655 2511 821 2608; x_wconf 88' lang='lat' dir='ltr'>pleraque</span> <span class='ocrx_word' id='word_1_137' title='bbox 836 2509 1090 2600; x_wconf 87' lang='lat' dir='ltr'>desideramus;</span> <span class='ocrx_word' id='word_1_138' title='bbox 1114 2509 1176 2582; x_wconf 91' lang='lat' dir='ltr'>sed</span> <span class='ocrx_word' id='word_1_139' title='bbox 1190 2508 1258 2582; x_wconf 93' lang='lat' dir='ltr'>Au-</span> 
     </span>
     <span class='ocr_line' id='line_1_21' title="bbox 194 2629 1257 2730; baseline -0.002 -22"><span class='ocrx_word' id='word_1_140' title='bbox 194 2634 374 2730; x_wconf 84' lang='lat' dir='ltr'>gustinus,</span> <span class='ocrx_word' id='word_1_141' title='bbox 387 2633 430 2707; x_wconf 90' lang='lat' dir='ltr'>de</span> <span class='ocrx_word' id='word_1_142' title='bbox 440 2634 482 2707; x_wconf 91' lang='lat' dir='ltr'>iis</span> <span class='ocrx_word' id='word_1_143' title='bbox 493 2633 715 2723; x_wconf 85' lang='lat' dir='ltr'>disserendo,</span> <span class='ocrx_word' id='word_1_144' title='bbox 728 2657 768 2708; x_wconf 86' lang='lat' dir='ltr'>ea</span> <span class='ocrx_word' id='word_1_145' title='bbox 778 2629 1083 2729; x_wconf 88' lang='lat' dir='ltr'>excerpsitquibus</span> <span class='ocrx_word' id='word_1_146' title='bbox 1095 2631 1257 2706; x_wconf 84' lang='lat' dir='ltr'>Antiochi</span> 
     </span>
     <span class='ocr_line' id='line_1_22' title="bbox 194 2745 1258 2852; baseline 0.001 -26"><span class='ocrx_word' id='word_1_147' title='bbox 194 2755 321 2852; x_wconf 87' lang='lat' dir='ltr'>placita</span> <span class='ocrx_word' id='word_1_148' title='bbox 335 2763 574 2852; x_wconf 83' lang='lat' dir='ltr'>exponuntur3</span> <span class='ocrx_word' id='word_1_149' title='bbox 601 2778 682 2844; x_wconf 87' lang='lat' dir='ltr'>nec,</span> <span class='ocrx_word' id='word_1_150' title='bbox 693 2745 784 2828; x_wconf 69' lang='lat' dir='ltr'>=dum</span> <span class='ocrx_word' id='word_1_151' title='bbox 799 2753 958 2851; x_wconf 85' lang='lat' dir='ltr'>legentur</span> <span class='ocrx_word' id='word_1_152' title='bbox 976 2752 1103 2850; x_wconf 90' lang='lat' dir='ltr'>scripta</span> <span class='ocrx_word' id='word_1_153' title='bbox 1120 2752 1258 2827; x_wconf 88' lang='lat' dir='ltr'>Cicero-</span> 
     </span>
     <span class='ocr_line' id='line_1_23' title="bbox 196 2872 1257 2972; baseline -0.005 -22"><span class='ocrx_word' id='word_1_154' title='bbox 196 2877 269 2965; x_wconf 90' lang='lat' dir='ltr'>nis,</span> <span class='ocrx_word' id='word_1_155' title='bbox 280 2876 317 2949; x_wconf 91' lang='lat' dir='ltr'>id</span> <span class='ocrx_word' id='word_1_156' title='bbox 329 2885 398 2966; x_wconf 86' lang='lat' dir='ltr'>est,</span> <span class='ocrx_word' id='word_1_157' title='bbox 413 2876 499 2949; x_wconf 92' lang='lat' dir='ltr'>dum</span> <span class='ocrx_word' id='word_1_158' title='bbox 511 2898 611 2964; x_wconf 85' lang='lat' dir='ltr'>vero,</span> <span class='ocrx_word' id='word_1_159' title='bbox 625 2875 774 2972; x_wconf 88' lang='lat' dir='ltr'>pulchro</span> <span class='ocrx_word' id='word_1_160' title='bbox 786 2930 795 2963; x_wconf 91' lang='lat'>,</span> <span class='ocrx_word' id='word_1_161' title='bbox 807 2874 900 2947; x_wconf 90' lang='lat' dir='ltr'>bono</span> <span class='ocrx_word' id='word_1_162' title='bbox 910 2873 1027 2969; x_wconf 87' lang='lat' dir='ltr'>aliqua</span> <span class='ocrx_word' id='word_1_163' title='bbox 1038 2872 1210 2969; x_wconf 87' lang='lat' dir='ltr'>supererit</span> <span class='ocrx_word' id='word_1_164' title='bbox 1221 2873 1257 2945; x_wconf 92' lang='lat' dir='ltr'>in</span> 
     </span>
     <span class='ocr_line' id='line_1_24' title="bbox 195 2994 1256 3094; baseline -0.005 -22"><span class='ocrx_word' id='word_1_165' title='bbox 195 2994 1256 3094; x_wconf 83' lang='lat' dir='ltr'>terrisgratia,nomcnAntiochihominumexcidetmemoria.</span> 
     </span>
    </p>
   </div>
   <div class='ocr_carea' id='block_1_5' title="bbox 0 0 1490 4609">
    <p class='ocr_par' dir='ltr' id='par_1_6' title="bbox 0 0 1490 4609">
     <span class='ocr_line' id='line_1_25' title="bbox 0 0 1490 4609; baseline 0 0"><span class='ocrx_word' id='word_1_166' title='bbox 0 0 1490 4609; x_wconf 95' lang='lat' dir='ltr'> </span> 
     </span>
    </p>
   </div>
  </div>
 </body>
</html>
