2967 4609
679 275 727 348 15

174 425 337 500 Pisonem
366 431 623 498 commoratum
649 444 724 498 esse
754 401 910 512 constat,
937 445 1050 519 quum
1078 427 1236 522 sequenti

174 568 266 622 anno
283 547 404 621 Romae
418 544 599 620 tribunatu
611 543 709 642 iungi
724 543 894 619 debuerit.

222 763 276 837 llll
288 763 432 861 quidem
445 774 545 837 erant
555 762 700 838 Athenis
713 762 891 839 Ciceronis
903 764 1090 841 familiares
1104 777 1140 842 et
1153 791 1237 842 cum

174 888 233 961 illo
247 886 409 962 Antiochi
423 885 610 963 auditores.
623 886 702 961 Non
717 897 835 962 autem
850 911 972 963 omnes
994 890 1238 965 recensuimus

174 1012 414 1087 Romanorum
444 1009 672 1085 electissimos
706 1010 835 1106 quibus
868 1033 950 1085 cum
977 1011 1149 1088 Antiocho
1177 1023 1238 1088 aut

174 1133 286 1208 amico
301 1142 363 1207 aut
375 1132 540 1230 magistro
556 1155 641 1206 usus
656 1132 732 1206 luit.
1101 1126 1106 1134 ’

221 1258 570 1343 Quorumenumero
583 1279 664 1331 ecce
672 1254 856 1331 Terentius
865 1256 939 1354 ipse
948 1257 1057 1333 Varro
1068 1259 1238 1349 occurrit,

173 1379 388 1454 doctissimus
400 1378 647 1466 Romanorum,
664 1376 814 1452 nobilior
833 1379 986 1475 prolecto
1002 1378 1055 1452 vir
1070 1403 1177 1477 quam
1198 1391 1238 1457 ut

172 1502 248 1598 ejus
263 1499 441 1587 memoriae
455 1499 492 1572 in
507 1500 575 1574 hoc
592 1498 720 1596 scripto
735 1499 974 1574 consulamus.

221 1622 322 1720 Apud
336 1643 418 1696 eum
433 1619 592 1718 quidem,
605 1642 715 1716 quum
728 1621 769 1694 L.
779 1620 912 1695 AElium
923 1620 1081 1697 Stoicum
1093 1647 1112 1699 a
1123 1623 1238 1721 primo

172 1754 327 1840 tempore
343 1741 452 1816 aetatis
470 1741 676 1839 magistrum
691 1742 904 1833 habuisset¹,
915 1743 1068 1819 multum
1086 1745 1236 1820 valuisse

175 1866 311 1940 videtur
324 1863 522 1939 Stoicorum
537 1862 742 1954 auctoritas,
764 1886 836 1940 non
857 1875 974 1939 tamen
992 1875 1033 1939 ut
1052 1866 1239 1941 Philonem

174 1986 325 2076 audirel,
342 1996 404 2060 aut
415 1985 629 2060 Antiochum
645 1993 806 2058 nostrum
821 1985 1007 2060 omitteret.

223 2106 340 2181 Cicero
363 2115 398 2182 et
418 2105 636 2204 Augustinus
656 2116 853 2181 memorant
869 2105 1060 2182 Varronem
1073 2105 1237 2183 Antiochi

173 2230 377 2305 familiarem
400 2240 435 2304 et
454 2228 649 2304 auditorem
674 2230 797 2321 luisse,
820 2231 966 2329 ejusque
985 2222 1147 2306 secutum
1162 2256 1237 2309 esse

173 2353 412 2427 sententiam³.
428 2350 563 2426 Idcirco
574 2351 694 2426 Cicero
706 2351 743 2424 in
755 2350 974 2426 Academicis
980 2352 1236 2449 posterioribus,

171 2495 282 2571 quum
297 2472 393 2547 nulla
410 2472 522 2570 aptior
537 2495 684 2570 persona
700 2471 878 2546 videretur
891 2471 935 2545 ad
949 2471 986 2545 id
1006 2471 1236 2569 philosophiae

170 2623 301 2699 genus,
316 2625 394 2698 quae
408 2610 507 2677 erant
519 2611 639 2675 contra
651 2595 909 2697 ἀκαταληψίαν
918 2599 1083 2697 praeelare
1094 2600 1237 2676 collecta

170 2729 544 2806 abAntiochollarroni
556 2723 891 2822 dabat'Avmoxelaa
900 2728 1071 2803 rationem
1081 2739 1116 2804 et
1126 2738 1235 2804 totam

169 2857 412 2934 Academicam
425 2853 595 2943 σύνταξιν
608 2857 652 2931 ad
666 2858 858 2932 Varronem
872 2859 948 2932 haec
964 2857 1060 2932 valde
1074 2857 1230 2954 proban-

170 2990 257 3070 tem,
280 2979 335 3054 his
355 2980 505 3054 maxime
529 2978 739 3053 delectatum
756 2978 1040 3069 transducebat⁸;
1061 3001 1172 3074 quum
1186 2977 1237 3051 illi

170 3101 263 3175 hanc
272 3089 708 3174 alteramAcodemicoront
716 3099 916 3189 editionem,
926 3109 1122 3175 commotus
1133 3099 1237 3173 Attici

171 3222 307 3313 litteris,
320 3222 452 3298 dicaret
462 3231 497 3297 et
508 3222 675 3296 mitteret:
692 3221 790 3295 «Tibi
804 3222 897 3311 dedi,
907 3222 1032 3312 aiebat,
1042 3230 1156 3319 partes
1165 3220 1239 3294 An·

173 3343 388 3434 ‹tiochenas‚
398 3342 930 3441 quasateprobariintellexisse
939 3342 1027 3416 mihi
1037 3341 1234 3416 videbant»

220 3464 398 3549 Quantum
408 3464 554 3540 Varroni
567 3464 737 3563 profuerit
744 3464 951 3553 Antiochus,
963 3484 1069 3559 quam
1079 3461 1237 3558 magistri

207 3695 215 3732 ¹
231 3697 266 3747 bc
283 3697 344 3747 AElio
364 3696 479 3746 Varronis
496 3695 628 3762 magistro,
647 3711 671 3744 v.
692 3693 789 3755 deod„
806 3695 831 3755 l,
846 3697 870 3743 Ξ.
889 3693 1028 3753 -Brut,
1042 3707 1065 3742 c.
1080 3696 1120 3743 56.
1133 3696 1235 3744 ..Aul

173 3786 233 3836 Gell.
249 3786 272 3846 l,
286 3800 309 3846 c,
324 3789 370 3846 183
384 3785 449 3845 xvt,
463 3798 477 3834 c
501 3788 567 3833 8.-
578 3784 718 3849 sepissime
730 3785 853 3834 citabatur
864 3783 941 3833 AElius
953 3784 979 3833 in
991 3783 1060 3833 libris
1073 3784 1188 3833 Varronis
1200 3782 1238 3832 De

172 3875 266 3939 linqua
279 3874 376 3926 letina.

206 3961 331 4023 moad„
345 3964 369 4023 l,
384 3966 396 4013 l
411 3967 437 4014 et
450 3966 474 4013 t.

205 4049 1036 4117 Mean,1,a,t‚s,1e.-nugust.,ciu.uet‚xtx‚c.a.

205 4138 275 4192 Md
288 4140 358 4200 Am,
373 4141 440 4200 lllll,
454 4155 493 4205 ep.
509 4143 554 4201 lt,
568 4142 614 4201 tt,
628 4142 659 4190 ld
672 4144 697 4191 et
710 4143 751 4191 ts.

207 4226 221 4266 ⁵
236 4228 275 4280 od
287 4229 363 4288 Βία,
379 4230 425 4288 tlt,
439 4245 478 4294 ep.
494 4234 518 4278 8.
