2967 4609
682 203 730 275 17

143 345 152 360 ’
224 348 586 440 Lucullus‚diuturna
597 357 772 443 quaestura
783 346 820 420 in
830 346 910 422 Asin
922 347 1063 421 iunctus
1074 348 1239 423 Romam·

176 495 244 570 que
262 494 419 547 reversus
444 471 488 568 (a.
510 459 615 563 674),
646 468 805 544 celeriter
823 453 875 570 ad
904 490 1063 543 summos
1088 470 1240 544 honores

176 591 349 690 pervenit3
376 600 561 689 postquam
585 589 806 664 consulatum
828 589 935 685 gessit
956 594 999 687 (a.
1021 588 1126 683 680),
1149 613 1240 694 anno

111 717 118 730 ’
176 712 336 810 sequenti
355 714 399 786 ad
415 711 691 788 Mithridaticum
706 710 841 784 bellum
858 734 878 784 a
894 719 1018 785 senatu
1033 710 1162 783 missus
1177 720 1239 785 est.

177 833 292 924 Tunc,
307 842 348 908 ut
361 842 461 909 antea
476 841 638 930 quaestor,
654 832 704 907 sic
718 842 798 930 post
812 831 947 929 aliquot
963 855 1074 905 annos
1091 831 1128 905 in
1144 831 1242 928 Syria

176 957 383 1054 imperator,
403 954 625 1029 Antiochum
643 955 768 1030 habuit
794 958 950 1044 secum¹,
973 965 1008 1029 et
1032 954 1244 1030 verisimilli-

178 1100 277 1151 mum
292 1086 363 1167 est,
378 1100 490 1174 quum
498 1073 670 1150 Lucullus
684 1075 937 1172 Tigranocertae
952 1075 1138 1172 Tigranem
1154 1076 1244 1150 ludit

178 1201 285 1295 (anno
302 1196 394 1287 685,
413 1196 525 1294 pridie
542 1220 652 1271 nonas
670 1196 897 1290 decembris),
919 1196 1004 1272 huic
1018 1197 1141 1294 proelio
1155 1197 1245 1272 Nos·

177 1328 272 1393 trum
286 1318 454 1408 adfuisse,
469 1319 563 1415 qnod
578 1340 778 1392 memorans
793 1318 1018 1393 exclamabat
1030 1345 1047 1387 α
1059 1342 1244 1416 nunquam

176 1439 237 1514 tali
254 1439 363 1514 solem
378 1439 532 1513 illuxisse
545 1439 760 1514 rictoriae².n

227 1561 306 1636 Non
333 1560 501 1657 diupost
527 1560 615 1635 illud
642 1561 807 1657 proelium
835 1560 918 1634 vixit
945 1559 1157 1652 Antiochus,
1184 1563 1244 1659 qui

178 1682 370 1779 quando‘et
393 1680 454 1755 ubi
472 1692 632 1756 mortuus
652 1681 715 1773 sit,
738 1683 911 1757 nonsatis
934 1693 1153 1781 compertum
1170 1694 1243 1758 est:

178 1802 433 1884 (licerotamen
453 1802 554 1876 illum
572 1814 763 1894 memorat,
785 1827 918 1899 eaquae
938 1828 958 1878 a
977 1804 1125 1879 Lucullo
1142 1827 1246 1901 expo-

179 1935 325 2020 nuntur,
342 1924 617 1998 «asseverantius
631 1924 668 1997 in
683 1924 780 2021 Syria
793 1923 1152 2022 disputavisse,'panlo
1165 1934 1246 1999 ante

182 2069 288 2143 quarn
298 2047 342 2120 sit
350 2058 510 2122 mortuus
518 2049 573 2137 ³,u
589 2056 625 2121 et
638 2047 771 2145 «patria
785 2047 893 2122 semel
905 2071 1085 2145 egressum
1099 2049 1245 2123 domum

182 2189 364 2263 nunquam
389 2168 636 2243 revertisset»
674 2167 808 2254 Quibus
833 2170 939 2244 rebus
964 2169 1180 2269 impellimur
1202 2171 1247 2245 ad

180 2287 396 2363 credendum
414 2313 497 2364 eum
515 2290 583 2364 vita
607 2290 799 2365 decessisse
826 2291 1031 2388 priusquam
1055 2291 1246 2382 Lucullus,
1315 2382 1325 2394 ⁸

179 2408 307 2483 amissa
325 2409 548 2507 imperatoria
565 2421 750 2509 potestate,
767 2411 811 2485 ab
834 2410 914 2486 Asia
933 2413 1082 2486 Romam
1103 2412 1247 2487 redierit

180 2532 225 2626 (a.
243 2555 277 2603 u.
298 2529 400 2626 688);
422 2540 457 2605 et
477 2555 588 2628 quum
613 2540 750 2607 constet
772 2531 986 2606 Antiochum
1009 2543 1088 2630 post
1110 2556 1246 2607 annum

179 2655 251 2730 685
266 2656 396 2732 librum
410 2660 492 2758 περὶ
504 2659 599 2732 θεῶν
610 2659 811 2756 scripsisse,
828 2659 891 2732 ubi
905 2660 948 2733 de
962 2659 1246 2756 Tigranocertina

179 2801 297 2874 pugna
320 2779 535 2854 mentionem
559 2780 660 2871 iecit,
682 2781 835 2878 prolecto
857 2805 928 2855 non
947 2780 1101 2854 multum
1122 2805 1142 2854 a
1165 2804 1246 2856 vero
1332 2855 1340 2868 ,

180 2898 358 2973 aberimus
373 2900 588 2974 affirmantes
605 2923 687 2974 eum
702 2923 795 2975 anno
811 2900 882 2974 687
902 2905 995 2997 (ante
1010 2900 1091 2974 Chr.
1107 2900 1171 2991 67,
1193 2901 1245 2975 Ol.

180 3020 228 3092 17
232 3021 274 3111 8·,
288 3021 325 3118 b)
339 3045 417 3098 esse
433 3032 614 3097 mortuum
623 3023 647 3097 ⁵.

230 3237 386 3313 Aristum
405 3239 546 3313 fratrem
561 3240 636 3337 ejus
651 3239 753 3350 mplti
775 3240 918 3337 quidem
934 3242 1133 3340 philosophi
1149 3244 1247 3342 inge-

216 3473 224 3512 ¹
241 3472 339 3540 ⁴ich„
353 3425 392 3535 ll:
403 3479 418 3525 Ξ
431 3480 457 3526 et
469 3479 509 3526 19.

214 3568 228 3608 ²
242 3573 320 3632 mut,
338 3573 389 3623 Vit.
404 3574 482 3633 Luc,
496 3589 520 3637 p.
536 3576 600 3623 511:
614 3564 724 3639 Ταύτης
738 3569 788 3638 τῆς
803 3567 892 3648 μάχης
906 3572 921 3629 ὃ
934 3567 1067 3650 Ἀντίοχος
1080 3573 1095 3630 ὃ
1108 3570 1247 3653 φιλόσοφος

182 3667 209 3726 ἕν
229 3671 262 3748 τῇ
281 3669 343 3749 περὶ
358 3671 436 3729 Θεῶν
449 3673 539 3750 γραφῇ
554 3672 678 3747 μνησθεὶς
691 3672 721 3732 οὔ
735 3694 815 3752 φησιν
832 3673 915 3747 ἄλλην
931 3675 1109 3753 ἐφεωρακέναι
1122 3676 1247 3751 τοιαύτην

185 3769 229 3831 τὸν
243 3770 331 3842 ἥλιον.
353 3805 385 3819 -·
399 3780 434 3829 Gi.
449 3779 562 3841 suidam,
576 3796 630 3831 roc.
645 3784 769 3834 Lucullus.

215 3871 338 3936 moad,
352 3875 387 3935 ll,
403 3878 443 3925 19.

214 3966 227 3997 ⁴
243 3964 334 4023 nuic,
349 3965 377 4023 V,
393 3967 432 4014 a7.

214 4036 232 4089 3
240 4054 324 4116 ltaque
336 4054 362 4104 in
371 4051 507 4120 prioribus
519 4052 684 4104 Academicis
696 4069 753 4117 quaa
766 4057 838 4118 paulo
851 4061 906 4120 post
919 4059 1025 4108 reditum
1040 4061 1131 4110 Luculli
1144 4067 1169 4110 et
1181 4041 1246 4111 circo

180 4155 273 4192 annum
285 4146 333 4193 698
346 4143 387 4209 agi
398 4143 527 4203 videntur,
543 4144 656 4194 Lucullus
670 4145 700 4194 de
713 4149 793 4194 morte
806 4145 917 4195 Antiochi
930 4147 1046 4209 loquitur.

1085 4240 1098 4282 2
