2967 4609
700 205 742 277 dl

194 353 505 450 comprehendere;
520 362 555 425 at
569 375 799 448 quemquam,
814 362 956 449 excepto
976 354 1146 450 sapiente,
1162 354 1252 427 scire

192 496 267 549 rem
282 475 391 547 ullam
406 474 586 570 negabatl.

241 596 358 680 Quum
379 582 583 669 a'sensibus
606 594 748 668 initium
770 595 1057 691 cognoscendiet
1073 596 1253 669 criterium

186 716 261 789 -veri
278 725 449 807 sumeret,
467 718 559 789 hanc
573 715 767 813 accipiebat
780 716 977 790 Stoicorum
993 716 1252 790 definitionem:

194 836 344 910 «Visum
363 837 454 910 illud
474 859 594 909 verum
609 859 683 910 esse
700 836 913 933 impressum
928 846 964 910 ct
982 837 1137 910 effictum
1154 860 1194 910 ex
1213 860 1253 911 eo

194 960 313 1034 nunde
338 969 444 1049 esset,
471 937 574 1056 ipuale
598 982 673 1033 esse
700 981 771 1032 non
797 969 914 1056 posset
937 983 978 1032 ex
1001 983 1040 1033 eo
1067 960 1160 1033 unde
1183 982 1253 1033 non

194 1083 374 1156 wmstu

240 1210 287 1282 Ut
306 1208 519 1306 Chrysippus
535 1209 604 1283 duo
619 1209 781 1306 quaedam
802 1232 877 1283 esse
894 1208 1044 1298 volebat,
1066 1209 1149 1283 hinc
1164 1235 1254 1308 φαν-
1311 1219 1313 1226 ’

113 1389 121 1405 ,
182 1341 325 1444 ’voclar
341 1363 419 1435 quae
437 1362 456 1412 a
477 1340 582 1413 rehus
602 1339 685 1436 ipsis
707 1340 821 1450 efficta
840 1348 875 1413 et
899 1338 1049 1435 seipsam
1070 1347 1105 1411 et
1120 1364 1256 1438 φαντα-

192 1462 281 1539 στὸν
290 1468 498 1556 declararet,
510 1467 595 1540 hinc
606 1461 864 1567 φανταστικὸν,
877 1468 992 1541 ideam
1008 1490 1133 1564 nempe
1148 1490 1254 1563 quam

191 1588 288 1661 nulla
313 1611 368 1662 res
393 1588 527 1685 objecta
550 1588 806 1685 imprimeret³;
833 1589 1027 1663 Antiochus
1052 1589 1158 1663 etiam
1183 1611 1254 1662 non

192 1710 357 1784 omnihus
369 1710 450 1783 visis
464 1710 677 1807 adjungebat
688 1711 813 1800 fidem,
828 1712 888 1785 sed
900 1710 942 1784 iis
955 1711 1071 1785 solum
1085 1734 1164 1808 quae
1174 1733 1255 1806 pro·

192 1832 305 1929 priam
318 1833 507 1928 quamdam
526 1832 696 1906 haherent
708 1833 978 1907 declarationem
996 1855 1118 1906 earum
1135 1854 1255 1904 rernm

194 1978 272 2050 quae
295 1955 504 2028 viderentur.
534 1954 709 2038 Quasdam
735 1953 830 2027 enim
859 1952 1024 2027 censebat
1048 1976 1123 2026 esse
1146 1952 1254 2026 animi

196 2075 417 2174 cogitationes
439 2057 517 2174 iprae
540 2100 649 2150 nona
672 2076 777 2151 rebus
800 2076 884 2173 ipsis
907 2076 1101 2174 perspicuis
1127 2086 1162 2150 et
1186 2077 1256 2150 evi-

195 2197 357 2272 dentibus
376 2198 615 2287 elficerentur,
631 2198 692 2270 sed
712 2198 789 2271 illas
809 2198 924 2272 solum
946 2198 1014 2272 fide
1037 2222 1113 2272 esse
1131 2199 1258 2295 dignas·

194 2342 271 2413 quae
286 2328 321 2391 et
336 2341 372 2392 se
390 2328 424 2392 et
441 2319 536 2392 aliud
551 2320 785 2393 ostenderent.

244 2440 387 2524 «Quum
414 2440 545 2537 aliquid
572 2441 815 2538 adspeximus,
839 2441 971 2529 aiebat,
1000 2441 1075 2513 visu
1101 2442 1254 2537 quodam

196 2561 325 2634 «modo
350 2561 538 2651 allicimur,
562 2585 628 2636 nec
645 2585 727 2635 eum
747 2561 988 2636 sichahemus
1010 2561 1193 2664 allectum,
1216 2573 1256 2635 ut

195 2683 439 2760 ‹chabehamus
458 2683 663 2782 priusquam
683 2675 937 2780 aspiceremus;
959 2707 1117 2780 peream
1136 2694 1255 2758 autem

195 2807 462 2902 «alterationem
482 2807 551 2880 duo
569 2807 886 2903 apprehendimus:
908 2829 1019 2879 unum
1040 2806 1152 2902 ipsam
1169 2806 1256 2881 alte-

195 2928 412 3017 «rationem,
438 2927 473 3001 id
499 2937 552 3001 est
576 2927 816 3025 phantasiam,
845 2927 1043 3000 secundnm
1072 2937 1190 3000 autem
1218 2927 1254 3000 id

195 3051 314 3146 «quod
329 3049 456 3123 indidit
469 3049 726 3137 alterationem,
745 3071 872 3144 nempe
887 3047 1137 3144 adspectabile;
1159 3058 1193 3121 et
1207 3048 1255 3121 si-

195 3170 351 3244 «militer
365 3171 402 3243 in
415 3170 491 3244 aliis
506 3169 678 3243 sensibus.
695 3168 876 3253 Quomodo
889 3190 970 3264 ergo
983 3169 1042 3240 lux
1055 3179 1089 3242 et
1103 3167 1255 3265 seipsam

196 3292 353 3366 «indicat
366 3302 400 3366 et
414 3291 531 3365 omnia
546 3314 623 3386 quae
638 3290 769 3363 suntin
785 3290 875 3386 ipsa;
893 3290 939 3362 ita
952 3290 1056 3363 etiam
1073 3289 1255 3386 phantasia

196 3438 332 3510 «quum
347 3414 392 3487 sit
405 3412 500 3508 origo
517 3412 629 3509 prima
645 3411 852 3506 cognitionis
872 3433 949 3506 quae
972 3410 1074 3482 estin
1090 3410 1255 3499 animali,

229 3702 349 3763 ¹Acnd,
364 3705 455 3763 ll,'t'l.
538 3754 557 3780 0
1338 3751 1342 3757 ,

227 3793 326 3844 meac
342 3830 349 3853 ,
368 3795 404 3850 n,
425 3796 456 3850 o,
477 3795 520 3851 n,
544 3796 590 3851 ra,
612 3796 658 3852 at,
679 3777 732 3851 ao,⁸
749 3797 788 3841 as.
806 3817 836 3828 -
852 3792 888 3841 na
906 3791 981 3851 rin,
1000 3793 1035 3851 v,
1055 3793 1190 3840 ee-oe
1209 3793 1255 3839 nae

161 3933 166 3938 ,
195 3884 330 3933 Stoicorum
343 3882 492 3940 delinitione,
506 3897 530 3929 v.
544 3882 611 3931 Sexl.
626 3883 694 3944 Emp.
710 3882 781 3946 Hyp.
796 3879 904 3944 Pyrrh,
920 3882 949 3938 ll,
965 3879 978 3945 ἓ
992 3884 1016 3929 l.
1031 3905 1063 3917 -
1077 3879 1140 3930 Ado.
1154 3878 1254 3938 Malle„

195 3972 251 4029 Vll,
265 3970 279 4036 ᾖ
292 3974 353 4029 248,
367 3975 428 4028 250,
443 3974 505 4027 255,
520 3973 581 4027 loa,
596 3973 657 4026 tto,
673 3973 728 4018 lid.
741 3987 775 4000 ··
786 3971 874 4026 hadri,
889 3970 945 4026 Vll,
961 3972 991 4017 ld
1005 3973 1030 4018 el
1043 3973 1082 4018 50.
1095 3988 1129 3998 -·
1140 3970 1254 4033 August,

197 4062 295 4110 Cotrlra
308 4058 379 4108 Acad
395 4094 402 4119 ,
418 4060 465 4116 lll‚
479 4057 493 4122 5
507 4061 546 4107 18.
561 4078 594 4088 -
606 4059 672 4107 Suid.

230 4147 242 4184 ³
257 4150 334 4207 hut,
350 4150 387 4197 Dr
396 4148 465 4212 plur.
480 4147 563 4211 phil,
580 4150 616 4204 lll,
632 4151 688 4206 la„
