2967 4609
734 172 780 244 38

228 330 299 392 tam
312 342 400 416 pene
419 320 456 391 in
470 318 693 392 Academiam
708 317 925 392 transtulisse
942 328 1118 408 notarent,
1136 342 1290 416 persaepe
1344 351 1348 364 r

228 440 527 514 insimulaverunt.
1147 509 1148 512 ,

277 560 358 645 Haec
379 560 453 656 ipsa
474 559 683 655 conspiratio
698 569 733 633 et
750 559 849 655 quasi
871 559 1027 633 conlusio
1050 560 1290 634 doctrinarum

228 681 423 779 praecipua,
450 691 489 754 ut
512 681 680 769 diximuS,
706 702 811 753 causa
837 681 966 770 suerat,
999 705 1064 755 cur
1088 691 1161 755 tarn
1187 682 1290 755 multi

227 803 440 877 Antiochum
461 802 645 875 audirent:
673 801 793 874 nullus
807 812 881 875 erat
894 802 989 875 enim
1001 803 1063 899 qni
1079 803 1122 875 ab
1137 803 1203 877 ista
1219 802 1291 876 An-

228 924 334 998 tiochi
357 934 391 998 et
410 923 515 997 Aristi
536 924 640 998 veteri
663 923 849 998 Academia
870 924 1026 1004 alienum
1045 923 1190 998 haberet
1214 924 1291 998 ani-

228 1066 346 1133 mum,
369 1045 525 1139 quamvis
546 1045 745 1119 Stoicorum
764 1044 923 1142 partibus
946 1055 986 1117 ut
1006 1045 1134 1133 Varro,
1158 1045 1289 1119 Balbus

227 1174 261 1238 et
273 1165 421 1255 BrutuS,
440 1176 501 1239 aut
514 1166 824 1262 Peripateticorum
844 1176 883 1239 ut
896 1166 996 1255 Piso,
1022 1176 1083 1239 aut
1097 1166 1291 1262 Epicureo·

228 1308 308 1359 rum
324 1286 521 1382 quidemut
533 1286 668 1360 Atticus
681 1287 818 1360 faveret.
1126 1379 1129 1384 ¹

275 1407 472 1480 Fatendum
486 1418 539 1481 est
552 1408 734 1496 Nostrum,
752 1409 838 1481 dum
851 1408 894 1482 de
909 1389 1136 1505 superiorum*
1146 1418 1289 1482 aetatum

228 1528 421 1625 disciplinis
441 1539 573 1625 ageret,
594 1552 708 1625 neque
731 1530 849 1602 omnia
870 1539 1000 1603 attente
1024 1539 1064 1602 ut
1081 1529 1290 1605 historicum

227 1650 458 1739 adnotavisse,
473 1674 586 1747 neque
603 1652 720 1724 omnia
741 1653 946 1746 utjndicem
961 1652 1197 1748 perpendisse.
1224 1653 1292 1728 Sed

227 1795 267 1845 eo
281 1772 474 1868 praesertim
486 1772 653 1862 eminuit,
668 1774 766 1869 quod
774 1773 953 1847 veritatem
966 1773 1117 1846 mirabili
1133 1775 1289 1870 quodam

227 1914 345 1967 amore
359 1893 558 1990 amplexus,
573 1894 690 1968 omnia
713 1918 791 1990 quae
813 1918 891 1968 vera
907 1895 1115 1969 videbantur
1130 1896 1289 1991 undique

228 2015 436 2111 accipiebat,
459 2026 499 2089 ut
520 2016 566 2089 ita
586 2016 732 2112 simplex
754 2016 914 2112 quaedam
937 2028 972 2090 et
992 2026 1200 2113 temperata,
1228 2040 1293 2091 neo

229 2134 471 2234 illecebrarum
487 2159 551 2210 nec
571 2136 729 2209 utilitatis
745 2160 885 2233 expers,
912 2137 1070 2210 doctrina
1094 2137 1290 2225 exsisteret,

229 2279 297 2351 qua
322 2257 465 2352 quidem
485 2281 505 2330 a
530 2257 746 2332 scholasticis
772 2257 1014 2332 controversiis
1038 2258 1293 2347 remotissima,

229 2376 389 2451 omnium
402 2378 468 2453 sibi
484 2378 685 2453 conciliaret
697 2378 846 2452 animos.

551 2694 696 2769 ulem
722 2695 974 2800 sucunnuu.

584 2890 748 2965 Antiochi
761 2892 939 2967 Doctrina.
1045 2957 1053 2962 .

229 3095 237 3108 “
279 3109 369 3194 Quid
395 3108 616 3205 superiorum
640 3118 783 3190 aetatum
807 3109 1000 3206 disciplinis
1019 3110 1213 3185 Antiochus
1234 3112 1297 3185 de-

230 3231 346 3305 buerit
359 3241 393 3305 et
406 3255 476 3326 quo
489 3232 582 3306 sonte
595 3232 671 3328 ejus
685 3232 841 3306 doctrina
856 3233 1005 3318 derivata
1019 3233 1081 3321 sit,
1094 3256 1205 3329 quum
1216 3234 1290 3329 jam

231 3356 445 3444 noverimus,
460 3380 556 3429 nunc
571 3356 613 3429 de
629 3356 701 3451 ipsa
721 3356 797 3452 ejus
817 3357 974 3436 doctrina
993 3357 1095 3430 nobis
1113 3358 1291 3453 agendum

232 3486 295 3565 est,
307 3499 346 3566 ac
359 3478 525 3574 primurn,
538 3477 623 3574 quid
636 3479 678 3551 de
693 3500 831 3551 summa
842 3478 1073 3575 philosophiae
1088 3489 1123 3552 et
1135 3469 1294 3575 partibus

232 3597 326 3670 illius
343 3609 515 3687 censeret,
531 3599 797 3695 exquirendum.

281 3720 425 3793 Dicebat
445 3720 638 3798 Antiochus
655 3723 773 3794 «hanc
788 3743 863 3795 esse
883 3721 1040 3817 regulam
1058 3722 1165 3796 totius
1180 3721 1296 3819 philo-

236 3841 408 3937 «sophiae,
432 3842 716 3915 constitutionem
730 3842 817 3932 veri,
832 3841 924 3932 falsi,
947 3842 1093 3938 cogniti,
1109 3836 1294 3938 incog'niti;

236 3986 367 4058 «quam
378 3962 546 4036 rationem
556 3963 616 4058 qui
625 3964 1296 4060 susciperent,docerequevellent,quae

236 4108 280 4157 «a
296 4084 416 4180 quovis
436 4085 546 4181 accipi
563 4095 737 4183 oporteret
756 4096 789 4159 et
812 4110 890 4182 quae
906 4086 1098 4191 repudiari,
1114 4097 1206 4161 certe
1228 4088 1295 4170 hoc
