2967 4609
189 349 330 445 «ipsum
345 371 385 421 ex
400 371 469 444 quo
484 370 588 421 omne
603 346 672 422 veri
693 347 839 443 salsique
850 347 1026 445 judicium
1043 358 1152 437 esset,
1168 372 1247 445 per·

85 529 92 536 .
189 471 330 568 ccipere
347 493 406 544 eos
423 470 596 545 debuisse.
612 470 753 543 Etenim
771 471 840 545 duo
855 494 930 545 esse
949 473 1024 545 haec
1043 473 1191 545 maxima
1212 473 1247 545 in

189 591 451 690 «philosophia,
463 581 638 690 judicirim
652 591 724 665 veri
739 602 774 665 et
787 592 894 665 finem
909 593 1099 684 bonorum,
1114 617 1179 667 nec
1194 618 1249 668 sa-

190 713 370 811 tpientem
388 711 491 810 posse
510 735 585 787 esse
609 713 669 809 qui
689 723 750 787 aut
764 714 996 809 cognoscendi
1017 738 1093 788 esse
1108 715 1247 788 initium

188 834 367 931 «ignoret,
382 844 443 908 aut
456 844 649 909 extremum
665 835 868 932 expetendi,
888 845 942 925 ut,
956 846 1018 910 aut
1031 836 1125 911 unde
1144 838 1249 934 profi-

187 958 379 1047 «ciscatur,
393 967 453 1031 aut
467 979 536 1055 quo
551 958 826 1055 perveniendum
841 942 1106 1047 sit,nesciat¹.r
1337 937 1341 943 ⁵

236 1081 318 1154 Haec
333 1080 509 1153 Ciceronis
521 1081 640 1169 verba,
655 1103 696 1153 ex
709 1079 884 1170 Antiochi,
898 1090 938 1153 ut
949 1081 1097 1170 videtur,
1110 1081 1249 1178 scriptis

186 1201 271 1299 ipsis
286 1224 463 1298 expressa,
478 1202 561 1275 satis
576 1202 770 1276 declarant:
870 1275 873 1280 a

233 1322 418 1420 Physicam
433 1323 476 1397 ab
490 1322 663 1397 Antiocho
678 1346 767 1420 pene
782 1322 977 1420 neglectam
991 1324 1114 1415 luisse3
1171 1307 1176 1316 ¹

235 1444 348 1541 Hujus
366 1444 624 1541 philosophiam
645 1467 787 1518 omnem
811 1445 948 1518 duobus
970 1445 1119 1519 maxime
1144 1468 1249 1520 eons-

185 1577 276 1656 tare3
291 1565 483 1662 exquiritur
495 1565 590 1638 enim
601 1575 663 1639 aut
676 1565 801 1640 veritas
812 1566 1011 1664 judicandi,
1026 1567 1114 1641 ratio
1128 1592 1249 1642 verum

186 1694 302 1768 alalso
316 1694 559 1791 dignoscendi,
573 1695 755 1794 xptroprov
766 1690 960 1790 ἀληθείας,
974 1708 1035 1770 aut
1049 1698 1129 1771 finis
1144 1698 1252 1772 bono

187 1847 283 1912 rum,
297 1825 399 1909 τέλος
415 1818 582 1914 dreheim

126 1934 137 1942 ’
235 1944 469 2042 Philosophiae
481 1966 594 2017 unum
607 1954 641 2017 et
652 1966 773 2017 verum
786 1966 862 2017 esse
874 1944 1092 2040 propositum
1106 1956 1144 2018 ut
1156 1970 1252 2019 sum-

190 2090 289 2140 mum
310 2067 443 2141 bonum
464 2075 651 2163 cognoscat
670 2066 763 2138 etad
781 2064 884 2138 vitam
902 2065 1041 2139 beatam
1057 2067 1250 2163 perveniat;

190 2190 280 2261 hanc
302 2187 408 2284 igitur
429 2197 562 2284 partem
580 2186 729 2260 maxime
755 2209 830 2261 esse
851 2189 1085 2262 neeessariam
1108 2213 1186 2286 quae
1206 2192 1250 2264 ad

187 2332 302 2383 mores
316 2309 488 2406 elegendi
504 2309 674 2382 rationem
689 2308 878 2406 pertineat;

236 2431 275 2503 ln
297 2429 364 2505 hoc
383 2431 531 2527 positam
552 2429 766 2525 esselogicae
788 2430 872 2503 artis
897 2429 1100 2521 utilitatem,
1118 2441 1157 2505 ut
1174 2431 1250 2506 sine

188 2553 261 2627 veri
273 2552 470 2650 cognitione
486 2552 583 2625 nulla
597 2560 689 2625 esset
703 2551 789 2625 recti
808 2551 960 2647 bonique
976 2551 1127 2649 cognitio
1142 2564 1177 2628 et
1195 2578 1250 2628 re-

186 2675 284 2771 gula3
301 2696 414 2771 neque
427 2673 552 2763 ullum,
568 2673 661 2746 unde
676 2672 988 2769 proficisceremur,
1002 2673 1155 2765 initium,
1170 2676 1249 2767 nisi,

186 2819 242 2885 ea,
257 2818 335 2892 qnae
350 2795 394 2867 ad
410 2794 505 2867 illam
520 2794 710 2890 pertinent,
722 2777 1029 2869 constituerentur.

235 2919 350 3003 Quum
365 2917 558 2990 Antiochus
575 2915 611 2988 in
634 2917 697 2989 has
721 2926 855 3012 partes,
874 2926 909 2992 et
924 2919 991 2992 hoc
1006 2918 1144 2994 vinculo
1159 2920 1251 2996 inter

187 3063 223 3114 se
238 3041 458 3137 conjunctas,
473 3060 614 3113 omnem
632 3036 891 3135 philosophiam
908 3039 1091 3131 divideret,
1112 3041 1158 3117 ita
1174 3045 1249 3142 ejus

188 3161 385 3236 tenebimus
409 3161 568 3234 ordinem
593 3170 647 3249 ut,
669 3183 688 3233 a
710 3159 821 3256 logica
838 3161 1013 3236 ordientes
1027 3174 1062 3238 et
1077 3189 1188 3262 pauca
1207 3168 1249 3245 de

187 3285 327 3383 physica
342 3282 465 3373 locuti,
479 3282 620 3356 tandem
636 3282 679 3354 ad
695 3291 829 3382 partem
849 3283 999 3357 maxime
1014 3288 1246 3361 necessariam

186 3408 411 3495 accedamus,
426 3427 551 3501 nempe
568 3403 735 3477 moralem
746 3406 770 3477 ².

222 3653 228 3685 ¹
247 3648 342 3707 Acad„
356 3649 390 3708 ll,
405 3652 429 3697 9.

220 3741 231 3774 ‘·’
247 3741 315 3788 tlunc
328 3738 438 3786 ordinem
452 3738 526 3784 Varro
540 3736 663 3797 sequitur,
679 3735 759 3785 Acad.
776 3738 802 3794 l,
820 3740 848 3794 t,
869 3751 917 3798 quo
931 3738 969 3787 usi
981 3742 1052 3786 erant
1067 3740 1140 3787 Stoici
1153 3746 1248 3790 aroteres

186 3829 262 3890 (Sext.
278 3824 425 3891 Emp.-Ado.
441 3821 540 3884 Mart,
553 3825 608 3880 Vll,
622 3839 644 3874 r.
660 3823 729 3888 tm
744 3828 800 3874 att.
811 3827 931 3876 -taert
948 3827 1000 3884 tlt,
1015 3827 1076 3890 to).
1095 3829 1160 3878 idem
1174 3830 1248 3880 Varro

187 3917 262 3965 alium
275 3915 384 3965 ordinem
404 3913 515 3977 sequitur
529 3913 589 3976 (ih,
608 3928 629 3961 c.
645 3913 683 3977 9),
698 3915 790 3963 Stoicos
804 3915 951 3963 recentiores
966 3915 990 3963 in
1004 3917 1115 3966 hocloco
1129 3917 1246 3968 imitatus.
