2967 4609
654 421 699 473 DE

171 532 1185 783 norrocmnsoatouirn

366 946 522 1016 vmn
546 944 625 1014 ur
649 919 990 1014 o'ocrumrn.

574 1268 787 1293 ...⁴0ae—

668 1628 693 1700 Ι.

493 1803 723 1886 rmroom
747 1804 869 1885 urm.
903 1749 909 1756 ⁸

612 2024 745 2035 ——nn-

202 2237 314 2326 Utile,
344 2261 409 2312 nec
435 2238 588 2312 studiosa
616 2238 877 2335 investigatione
902 2237 1106 2335 indignum,
1131 2238 1215 2312 Aca-

154 2360 278 2435 demiae
312 2360 406 2434 illius
434 2385 512 2456 quae
546 2370 697 2457 quatuor
724 2362 794 2435 lere
825 2360 1035 2434 saeculorum
1064 2359 1215 2457 spatium

155 2505 296 2557 emensa
313 2493 366 2557 est
380 2487 500 2581 (quam
516 2484 649 2558 diversa
663 2494 781 2557 autem
800 2485 938 2556 lortuna
959 2492 995 2556 et
1008 2504 1114 2578 qnam
1138 2505 1217 2555 mu-

155 2603 234 2676 tatis
259 2603 438 2679 sententiis
451 2604 473 2698 l)
500 2605 642 2679 ultimas
663 2604 755 2678 vices
778 2604 974 2700 inquirere,
1000 2614 1052 2694 et,
1078 2603 1217 2700 qualem

155 2723 287 2798 exitum
304 2724 487 2814 habuerit,
505 2748 685 2816 enarrare;
713 2748 780 2821 qua
799 2726 950 2814 ratione,
976 2749 1045 2821 quo
1071 2725 1218 2815 loedere,

155 2869 228 2920 non
248 2846 330 2920 satis
349 2847 414 2920 sihi
431 2857 613 2934 constans,
634 2848 718 2921 hinc
733 2870 815 2920 cnm
829 2848 1068 2945 Peripateticis
1082 2849 1217 2922 Platoni

155 2966 240 3040 olim
264 2967 534 3058 inimicissimis,
556 2967 653 3040 illinc
680 2989 762 3040 cum
786 2967 910 3041 Stoicis
932 2977 1044 3064 nuper
1057 2967 1219 3042 Arcesilae

156 3098 192 3159 et
205 3087 374 3162 Carneadi
387 3090 536 3163 maxime
550 3089 712 3179 infensis,
729 3090 773 3163 ad
787 3090 983 3187 pactionem
993 3091 1137 3180 venerit;
1151 3114 1219 3186 qua

157 3208 308 3304 denique
321 3209 449 3282 virium
465 3210 673 3300 delectione,
689 3211 723 3282 in
738 3211 948 3285 Eclecticam
964 3209 1220 3307 philosophiam

18 3411 20 3418 y
158 3331 306 3427 dilapsa,
321 3333 463 3406 tandem
478 3333 665 3407 evanuerit.

207 3455 343 3540 Quintae
358 3456 465 3553 igitur
475 3456 671 3530 Academiae
687 3458 869 3531 historiam
882 3457 1113 3554 aggredienti,
1128 3481 1221 3531 com·

157 3578 385 3651 memoranda
400 3577 583 3667 Antiochi,
599 3601 705 3673 quem
723 3578 918 3675 principem
943 3577 1085 3667 hahuit,
1099 3578 1166 3651 rita
1189 3589 1224 3652 et

158 3697 315 3793 undique
333 3697 526 3795 colligenda
541 3708 593 3771 est
607 3700 776 3773 doctrina.
797 3700 841 3771 Et
853 3722 922 3794 quo
938 3699 1076 3772 clariori
1094 3699 1130 3771 in
1145 3699 1222 3773 lucc

18 3885 25 3896 .
158 3841 213 3892 res
228 3819 455 3909 collocentur,
479 3842 548 3914 quo
566 3820 691 3893 melius
714 3820 903 3916 perspicias
918 3819 1001 3915 quid
1017 3820 1110 3915 apud
1126 3843 1224 3917 spec-

158 3939 347 4013 tatissimos
369 3941 526 4038 ejusdem
546 3940 656 4013 aetatis
671 3940 761 4013 viros
783 3940 935 4013 hominis
958 3939 1138 4036 ingenium
1160 3964 1224 4014 nec

160 4083 231 4135 non
245 4061 427 4159 disciplina
442 4060 631 4151 valuerint,
649 4059 736 4131 milri
752 4059 854 4134 liceat
865 4059 1030 4133 inducere
1045 4060 1224 4152 Nostrum,

161 4191 211 4255 tot
226 4182 260 4253 in
279 4183 498 4279 philosophia
519 4192 554 4254 at
577 4183 613 4253 in
635 4181 757 4254 litteris
778 4182 983 4270 illustrium,
1000 4189 1050 4253 tot
1064 4183 1225 4256 consula-

1064 4305 1073 4346 l
