2967 4609
765 236 788 307 6

245 381 356 471 rium,
381 380 568 477 aliquando
599 381 705 455 etiam
739 379 1007 478 triumphalium
1035 382 1190 455 virorum
1219 383 1313 457 cele·

244 501 370 577 britate
385 503 580 601 stipatum,
592 525 744 600 qnorum
760 502 989 578 contubernio
1006 512 1041 578 et
1058 503 1210 578 amicitia
1224 505 1312 578 adeo

245 623 312 699 luit
323 623 546 716 honestatus,
566 637 622 715 ut,
637 626 761 725 siquis
776 637 827 700 tot
843 626 988 702 eximios
1003 626 1195 725 discipulos
1207 626 1314 700 vellet

246 747 469 837 submovere,
483 748 671 821 maximam
688 751 840 845 prolecto
853 749 971 847 gloriae
983 760 1118 849 partem
1133 761 1169 825 et
1181 750 1313 848 magis·
1328 843 1330 846 ¹

246 877 298 941 tro
312 878 348 942 ct
359 869 489 964 quintae
501 868 697 945 Academiae
709 870 889 945 invideret.

292 1071 486 1148 Antiochus
499 1073 669 1150 Ascalone
684 1084 787 1150 natus
804 1086 874 1168 est;
890 1077 984 1150 unde
999 1077 1040 1149 fit
1051 1086 1092 1150 ut
1104 1075 1312 1151 Ascalonitae
1386 1122 1389 1128 -

246 1216 440 1291 cognomen
456 1194 789 1293 iulgoretinuerit¹.
1241 1223 1244 1230 ’

293 1315 343 1390 De
358 1316 464 1390 natali
479 1318 555 1415 ejus
570 1341 662 1392 anno
686 1317 775 1391 nihil
791 1318 934 1415 quidem
958 1318 1052 1417 apud
1065 1329 1198 1393 veteres
1217 1342 1314 1394 com-

244 1437 422 1533 perimus:
447 1448 583 1513 constat
594 1450 711 1514 tamen
726 1464 767 1515 ex
779 1440 883 1514 Tullii
898 1441 1097 1516 testimonio
1112 1464 1214 1530 eum,
1228 1450 1312 1515 ante

245 1584 379 1634 anuum
398 1561 496 1636 urbis
516 1561 606 1651 666,
632 1586 703 1636 non
728 1562 842 1637 solum
869 1563 1002 1636 diutius
1022 1586 1128 1658 quam
1153 1562 1311 1659 quemvis

245 1680 354 1755 alium
369 1681 549 1772 didicisse,
565 1683 625 1757 sed
640 1694 674 1757 et
687 1683 846 1757 Philonis
860 1683 1018 1780 magistri
1031 1683 1086 1758 sui
1102 1683 1311 1758 sententiam

245 1802 384 1901 scriptis
399 1805 605 1902 permultos
622 1827 734 1880 annos
746 1805 819 1903 jam
835 1805 1093 1880 defensitavisse
1105 1808 1131 1879 ².
1208 1886 1210 1888 ,

290 2016 391 2090 Philo
411 2016 469 2090 ille
493 2017 703 2109 Larissaeus,
726 2027 767 2091 ut
792 2018 835 2092 63
859 2017 1024 2092 Antiochi
1048 2017 1214 2114 magistro
1237 2018 1312 2115 jam
1376 1981 1380 1988 Ι

245 2159 411 2234 agamus,
434 2137 563 2211 multos
581 2160 691 2211 annos
712 2137 919 2212 Clitomachi
936 2138 1074 2212 auditor
1092 2139 1205 2214 luerat
1217 2142 1243 2229 ³,
1262 2149 1312 2228 et,

245 2257 595 2353 defunctomagistro,
608 2257 699 2331 inter
709 2256 937 2332 Academicos
949 2256 1081 2354 primas
1094 2260 1208 2334 tenuit
1220 2259 1314 2333 ideo·

246 2402 314 2475 que
336 2378 532 2453 Academiae
554 2361 716 2478 princeps
733 2379 938 2472 audiebat²;
959 2381 1012 2453 vir
1031 2381 1198 2479 praeclaro
1213 2381 1311 2476 inge-

246 2498 321 2590 nio,
336 2500 367 2574 si
375 2500 520 2574 Varroni
534 2483 762 2598 Ciceronique
775 2502 991 2576 credendum
1004 2512 1057 2606 est
1068 2503 1129 2599 qui
1142 2525 1312 2599 magnum
1326 2492 1329 2496 ’

246 2644 328 2694 eum
343 2621 458 2704 dicere
473 2645 544 2697 non
557 2621 811 2714 dubitabant⁵;
832 2622 879 2695 ita
894 2634 1013 2698 tamen
1036 2634 1076 2697 ut
1095 2647 1166 2697 non
1190 2623 1310 2698 minus

281 2827 289 2864 ¹
305 2829 406 2889 Strabo,
420 2811 486 2889 lllll,
500 2844 525 2893 p.
540 2831 602 2890 8783
615 2827 646 2878 de
656 2828 790 2879 Ascalone.
801 2856 835 2866 -
844 2831 959 2893 Stephan.
974 2831 1074 2895 Byzant.
1089 2821 1268 2882 ἱηἈσκαλών.
1281 2862 1314 2873 -

247 2925 381 2984 Plutarch,
398 2925 450 2976 Via.
464 2926 519 2976 Luc
535 2942 580 2990 ,6.
596 2927 653 2975 626.
664 2952 697 2962 -
710 2926 763 2976 Vit.
775 2925 843 2987 Cic„
858 2941 882 2989 p.
897 2930 995 2975 862-
1006 2926 1056 2976 Vir.
1069 2925 1161 2985 Bruti,
1176 2942 1200 2990 p.
1216 2929 1315 2977 oct...

246 3012 369 3086 AElianus,
382 3015 442 3074 llll,
456 3029 478 3063 c.
494 3018 534 3063 25.

180 3105 186 3114 '
279 3100 292 3136 2
307 3102 387 3160 Quum
401 3103 560 3167 philosophie
574 3117 673 3165 operam
686 3104 754 3153 haud
767 3103 875 3165 prosectu
888 3106 945 3152 ante
958 3116 1050 3152 annum
1063 3103 1143 3153 aetatis
1161 3118 1213 3155 3633
1225 3103 1314 3153 vicesi-

246 3203 315 3240 mum
332 3191 440 3251 dederit,
458 3195 484 3241 36
502 3192 609 3241 Philonis
626 3193 761 3255 discipulus
780 3191 867 3256 viginti
883 3191 981 3241 circiter
998 3206 1076 3241 annos
1093 3193 1167 3242 luerit
1183 3191 1236 3256 (qui
1248 3194 1314 3241 certe

247 3294 365 3330 numerus
378 3280 449 3330 Tullii
462 3281 629 3331 testimonium
642 3283 803 3345 perpendenti
812 3283 879 3331 haud
889 3280 980 3330 nimius
991 3295 1045 3330 esse
1054 3280 1200 3346 videbitur),
1214 3295 1315 3330 necesse

247 3374 285 3420 est
302 3369 448 3427 Antiochum
465 3351 515 3420 nun
533 3371 609 3420 multu
623 3374 678 3434 post
691 3386 784 3421 annum
797 3376 844 3421 626
859 3384 913 3421 3333
926 3374 1011 3420 natum
1023 3385 1029 3419 ε
1050 3384 1129 3432 neque
1142 3374 1225 3420 tamen
1237 3370 1315 3419 multo

247 3461 319 3518 ante,
341 3459 430 3523 quippe
452 3459 507 3522 qui,
530 3442 680 3523 plusquam
701 3460 894 3525 sexagenarius,
918 3459 1012 3510 Luculli
1032 3459 1077 3508 sub
1096 3460 1200 3522 pellibus
1218 3439 1330 3517 comes,¹

246 3562 335 3613 pugnae
348 3549 413 3611 apud
422 3547 621 3613 Tigranocertam
634 3545 667 3611 (a.
682 3561 707 3598 u.
719 3549 777 3614 686)
790 3550 924 3608 adfuisset3
938 3548 1038 3612 quodin
1051 3551 1124 3598 336363
1138 3551 1189 3596 tam
1202 3550 1315 3610 provecta

245 3636 287 3685 vix
303 3637 419 3686 credibile
438 3639 484 3686 est.
504 3637 539 3686 Sit
556 3651 615 3702 ergo
632 3638 781 3697 Antiochus,
803 3652 852 3687 non
870 3638 969 3700 quidem
987 3641 1053 3687 certa
1071 3636 1180 3695 ratione,
1196 3635 1315 3698 probabili

250 3734 331 3777 tamen
351 3728 492 3791 conjectura
509 3742 533 3776 a.
553 3743 578 3777 u.
600 3730 647 3776 626
670 3731 742 3777 63663
760 3726 813 3791 (Cn.
835 3728 933 3778 Octavio
953 3732 978 3779 et
997 3730 1024 3776 Τ.
1039 3726 1117 3776 Annio
1130 3725 1192 3773 Ruso
1205 3738 1269 3773 coss.
1284 3744 1317 3754 -

250 3817 362 3881 olymp„
376 3819 437 3881 tce,
453 3819 477 3866 6.
491 3836 525 3847 -
537 3820 598 3867 une
611 3816 699 3866 3666.
713 3796 784 3883 ins).

281 3905 407 3965 36366,
426 3909 460 3967 ll,
475 3910 499 3957 6.
514 3926 548 3937 -
565 3907 645 3968 Ρ166.,
668 3906 718 3957 Vit.
735 3907 807 3967 663,
826 3923 850 3970 p.
866 3910 923 3957 661.
937 3876 1086 3956 —ltumeu
1101 3917 1140 3966 ap.
1155 3904 1214 3952 Eus.
1231 3902 1315 3966 Proep.

250 4009 304 4056 36,
318 3996 380 4056 xlv,
394 3994 419 4043 o.

281 4084 348 4133 ene
361 4084 452 4144 0366,
468 4086 515 4145 lll,
530 4088 571 4134 28.
585 4111 618 4121 -
631 4085 725 4144 Brut,
740 4099 762 4133 c.
778 4088 819 4134 89.

280 4168 293 4209 ⁵
308 4171 403 4233 dead„
418 4173 453 4234 11,
467 4177 491 4223 t.
505 4200 538 4210 -
551 4174 586 4222 Cf.
601 4174 694 4233 slebre,
708 4173 766 4223 Ect.
781 4171 857 4221 ethic.
