2967 4609
716 192 737 263 7

195 342 422 439 loquebatur:
442 338 577 436 «Agam
594 339 687 413 sicut
697 338 891 413 Antiochus
907 338 1040 435 agebat.
1055 339 1145 414 Nota
1160 339 1256 415 enim

196 462 313 538 amihi
327 486 383 538 res
397 472 458 536 est.
475 461 565 535 Nam
579 469 614 534 et
628 482 736 534 vacuo
750 459 868 534 animo
883 458 985 534 illum
999 460 1207 551 audiebam,
1222 472 1259 538 et

197 606 352 680 «magno
376 582 511 671 studio,
536 582 658 656 eadem
683 580 725 666 de
750 604 788 655 re
809 581 914 655 etiam
938 580 1114 678 sapius...
1139 582 1257 667 Quum

197 702 438 779 «Alexandriae
454 726 518 801 pro
540 711 712 799 quaestore
733 724 866 792 essem,
893 701 960 777 suit
971 701 1166 778 Antiochus
1183 726 1258 778 me·

197 824 371 899 ecum¹.)›

244 947 414 1022 Lucullus
428 956 546 1021 autem
558 946 594 1020 in
608 945 727 1021 Asiam
741 956 894 1044 quaestor
907 948 1083 1043 proiectus
1097 957 1151 1021 est
1165 970 1258 1022 anno

195 1096 231 1145 u.
244 1094 274 1145 c.
286 1070 377 1161 666;
390 1070 482 1144 circa
496 1070 604 1144 finem
616 1070 794 1166 sequentis
806 1069 907 1161 anni,
922 1092 941 1143 a
953 1070 1044 1167 Sylla
1056 1127 1065 1161 ,
1078 1070 1139 1168 qui
1150 1071 1259 1147 Athe-

194 1215 257 1267 nas
291 1191 493 1282 obsidebat,
519 1192 685 1265 Rhodum
713 1191 844 1266 missus
869 1201 941 1283 est,
971 1191 1008 1266 in
1032 1192 1190 1284 Cretam,
1221 1195 1257 1267 in

193 1313 381 1411 AEgyptum
415 1312 459 1387 ad
488 1312 680 1409 cogendam
710 1311 896 1404 classem23
929 1312 978 1387 ita
1003 1322 1044 1387 ut
1067 1336 1160 1388 anno
1186 1315 1258 1388 668

193 1431 409 1509 Alexandria
421 1456 504 1507 cum
517 1433 690 1508 Antiocho
705 1443 807 1509 esset.

243 1554 438 1630 Verisimile
448 1564 501 1630 est
511 1554 566 1629 vix
578 1554 756 1653 auspicato
769 1554 1013 1651 magistratum
1023 1556 1172 1632 Lucullo
1186 1556 1259 1631 An-

194 1675 353 1749 tiochum
366 1659 653 1756 contubernalem
663 1676 788 1751 suisse:
804 1675 934 1751 etenim
945 1699 986 1751 eo
997 1676 1072 1775 ipso
1083 1701 1177 1753 anno
1188 1701 1258 1775 quo

189 1797 364 1872 'Lucullus
379 1798 416 1872 in
427 1797 547 1872 Asiam
561 1799 719 1888 advenit,
737 1797 860 1873 «Sulla
873 1799 1017 1873 consule
1028 1810 1063 1873 et
1074 1800 1259 1898 Pompeio,

195 1917 324 1992 «Philo
357 1941 439 1994 cum
468 1917 736 1993 Atheniensium
767 1917 993 2015 optimatibus
1023 1918 1259 1995 Mithridatico

196 2040 313 2115 «bello
335 2041 439 2115 domo
459 2041 660 2138 profugerat
672 2040 891 2136 Romamque
902 2040 1103 2129 venerat⁸‚»
1120 2050 1156 2114 et
1170 2063 1258 2116 con-

190 2161 253 2258 jici
268 2171 400 2259 potest,
422 2161 636 2236 Antiochum
659 2161 777 2260 ipsum
791 2161 915 2237 eodem
933 2171 1090 2259 tenrpore
1110 2161 1257 2238 Athenis

190 2282 368 2379 aufugisse
383 2282 592 2379 Lucullique
606 2281 752 2357 tutelam
768 2281 979 2380 poposcisse.
1055 2335 1059 2342 -

243 2405 360 2489 Quum
378 2403 622 2479 Alexandriam
638 2402 958 2493 venitAntiochus‚
982 2427 1002 2476 a
1025 2403 1182 2499 magistri
1202 2428 1259 2479 ra-

195 2525 287 2599 tione
297 2527 372 2623 jam
391 2525 599 2600 desciverat:
622 2535 870 2621 argumentum
890 2524 985 2598 enim
1006 2526 1183 2622 quoddam
1204 2551 1259 2602 re-

195 2647 260 2720 lert
273 2647 394 2722 Cicero
408 2646 503 2744 quod
514 2646 709 2722 Antiochus
718 2646 858 2721 Philoni
872 2669 948 2721 sese
959 2647 1163 2745 opposuisse
1175 2672 1258 2723 uar-

194 2768 308 2858 rabat,
324 2768 372 2843 ita
393 2778 433 2842 ut
449 2769 516 2843 hac
533 2767 803 2866 reprehensione
820 2768 850 2842 is
869 2768 997 2841 soleret
1013 2768 1163 2842 maxime
1177 2793 1258 2867 per-

192 2889 356 2974 turbarit
380 2890 480 2974 Quod
503 2899 583 2963 ante
603 2911 738 2962 annum
758 2888 831 2961 666
853 2888 1007 2962 evenisse
1027 2911 1169 2963 necesse
1188 2901 1258 2978 est,

193 3033 304 3106 quum
317 3033 499 3108 nunquam
511 3012 657 3109 posthac
668 3009 842 3085 Antiocho
856 3009 959 3083 Philo
976 3032 1161 3102 occurrere
1175 3035 1258 3109 pro-

189 3119 281 3205 lecto
297 3132 460 3230 potuerit.
476 3131 544 3205 Sed
558 3141 696 3228 tempus
714 3140 856 3205 venerat
871 3153 940 3227 quo
953 3132 1129 3205 contentio
1146 3132 1259 3206 aerior

194 3252 301 3326 tieret.
317 3253 498 3338 Quomodo
514 3251 703 3327 domestica
719 3251 893 3326 discordia
907 3252 944 3324 in
955 3261 1131 3326 certamen
1144 3253 1259 3351 puhli-

194 3396 276 3449 cum
293 3373 470 3448 transierit
484 3373 520 3447 in
535 3372 715 3469 incipienti
728 3372 876 3446 Lucullo
891 3372 1011 3446 Cicero
1026 3376 1234 3447 memorat⁵

242 3495 327 3569 Erat
336 3496 411 3592 jam
423 3505 524 3569 antea
531 3493 748 3569 Alexandriae
760 3492 939 3567 familiaris
951 3493 1131 3583 Antiochi,
1149 3494 1259 3569 Hera-

228 3786 236 3820 ¹
253 3784 350 3844 Aaou„
365 3786 400 3844 u,
415 3788 444 3846 a,
459 3786 490 3834 cr.
505 3784 558 3844 tu,
573 3788 612 3834 is.

226 3873 332 3935 21’1nt..
350 3874 402 3925 Vir.
418 3876 494 3934 Luc,
510 3890 534 3938 p.
548 3876 606 3923 lut.
620 3902 653 3916 -
666 3874 692 3922 V.
707 3872 837 3935 uinunis,
855 3874 931 3925 Fust.
945 3870 1027 3934 bell„
1040 3877 1060 3923 t.
1076 3873 1122 3935 ΙΙΙ,
1137 3890 1162 3938 p.
1177 3877 1233 3926 ΙΙΙ.

225 3962 320 4025 aCic,
334 3967 430 4026 Brut,
444 3979 466 4016 c.
482 3968 522 4014 89.

225 4052 350 4115 toccu,
365 4056 400 4115 ll,
415 4058 457 4107 at.

223 4141 344 4207 Haud,
358 4144 392 4205 ll,
407 4147 431 4195 t.
