<?xml version="1.0" encoding="UTF-8"?>
<!DOCTYPE html PUBLIC "-//W3C//DTD XHTML 1.0 Transitional//EN"
    "http://www.w3.org/TR/xhtml1/DTD/xhtml1-transitional.dtd">
<html xmlns="http://www.w3.org/1999/xhtml" xml:lang="en" lang="en">
 <head>
  <title>
</title>
<meta http-equiv="Content-Type" content="text/html;charset=utf-8" />
  <meta name='ocr-system' content='tesseract 3.04.00' />
  <meta name='ocr-capabilities' content='ocr_page ocr_carea ocr_par ocr_line ocrx_word'/>
</head>
<body>
  <div class='ocr_page' id='page_1' title='image "./deantiochiascal00chapgoog_0074.png"; bbox 0 0 2967 4609; ppageno 0'>
   <div class='ocr_carea' id='block_1_1' title="bbox 753 222 800 294">
    <p class='ocr_par' dir='ltr' id='par_1_1' title="bbox 753 222 800 294">
     <span class='ocr_line' id='line_1_1' title="bbox 753 222 800 294; baseline 0.021 -1"><span class='ocrx_word' id='word_1_1' title='bbox 753 222 800 294; x_wconf 78' lang='lat' dir='ltr'>la</span> 
     </span>
    </p>
   </div>
   <div class='ocr_carea' id='block_1_2' title="bbox 249 366 1310 587">
    <p class='ocr_par' dir='ltr' id='par_1_2' title="bbox 249 366 1310 587">
     <span class='ocr_line' id='line_1_2' title="bbox 250 366 1310 464; baseline 0.002 -23"><span class='ocrx_word' id='word_1_2' title='bbox 250 368 427 457; x_wconf 66' lang='lat' dir='ltr'>dicentum</span> <span class='ocrx_word' id='word_1_3' title='bbox 452 390 470 440; x_wconf 90' lang='lat' dir='ltr'>e</span> <span class='ocrx_word' id='word_1_4' title='bbox 486 366 615 462; x_wconf 90' lang='lat' dir='ltr'>quihus</span> <span class='ocrx_word' id='word_1_5' title='bbox 631 390 710 458; x_wconf 88' lang='lat' dir='ltr'>aera</span> <span class='ocrx_word' id='word_1_6' title='bbox 725 378 760 440; x_wconf 92' lang='lat' dir='ltr'>et</span> <span class='ocrx_word' id='word_1_7' title='bbox 779 368 896 464; x_wconf 79' lang='lat' dir='ltr'>ignem</span> <span class='ocrx_word' id='word_1_8' title='bbox 911 369 1074 444; x_wconf 82' lang='lat' dir='ltr'>movendi</span> <span class='ocrx_word' id='word_1_9' title='bbox 1084 369 1158 458; x_wconf 31' lang='lat' dir='ltr'>,vim</span> <span class='ocrx_word' id='word_1_10' title='bbox 1181 370 1310 443; x_wconf 89' lang='lat' dir='ltr'>habere</span> 
     </span>
     <span class='ocr_line' id='line_1_3' title="bbox 249 488 1309 587; baseline 0 -25"><span class='ocrx_word' id='word_1_11' title='bbox 249 500 283 563; x_wconf 92' lang='lat' dir='ltr'>et</span> <span class='ocrx_word' id='word_1_12' title='bbox 304 488 493 578; x_wconf 83' lang='lat' dir='ltr'>efficiendi,</span> <span class='ocrx_word' id='word_1_13' title='bbox 519 512 646 584; x_wconf 89' lang='lat' dir='ltr'>aquam</span> <span class='ocrx_word' id='word_1_14' title='bbox 661 511 740 562; x_wconf 89' lang='lat' dir='ltr'>vero</span> <span class='ocrx_word' id='word_1_15' title='bbox 754 498 788 562; x_wconf 90' lang='lat' dir='ltr'>et</span> <span class='ocrx_word' id='word_1_16' title='bbox 802 500 930 563; x_wconf 89' lang='lat' dir='ltr'>terram</span> <span class='ocrx_word' id='word_1_17' title='bbox 945 490 1139 587; x_wconf 91' lang='lat' dir='ltr'>accipiendi</span> <span class='ocrx_word' id='word_1_18' title='bbox 1153 500 1188 566; x_wconf 90' lang='lat' dir='ltr'>et</span> <span class='ocrx_word' id='word_1_19' title='bbox 1209 491 1309 586; x_wconf 85' lang='lat' dir='ltr'>quasi</span> 
     </span>
    </p>
   </div>
   <div class='ocr_carea' id='block_1_3' title="bbox 141 612 418 708">
    <p class='ocr_par' dir='ltr' id='par_1_3' title="bbox 141 612 418 708">
     <span class='ocr_line' id='line_1_4' title="bbox 141 612 418 708; baseline -0.007 -22"><span class='ocrx_word' id='word_1_20' title='bbox 141 633 146 648; x_wconf 93' lang='lat'><strong>·</strong></span> <span class='ocrx_word' id='word_1_21' title='bbox 248 612 418 708; x_wconf 90' lang='lat' dir='ltr'>patiendi;</span> 
     </span>
    </p>
   </div>
   <div class='ocr_carea' id='block_1_4' title="bbox 220 732 1375 2286">
    <p class='ocr_par' dir='ltr' id='par_1_4' title="bbox 247 732 1354 1070">
     <span class='ocr_line' id='line_1_5' title="bbox 299 732 1311 834; baseline 0.005 -31"><span class='ocrx_word' id='word_1_22' title='bbox 299 759 317 834; x_wconf 75' lang='lat' dir='ltr'>c</span> <span class='ocrx_word' id='word_1_23' title='bbox 327 732 516 818; x_wconf 85' lang='lat' dir='ltr'>Qualitates</span> <span class='ocrx_word' id='word_1_24' title='bbox 528 732 612 806; x_wconf 90' lang='lat' dir='ltr'>alias</span> <span class='ocrx_word' id='word_1_25' title='bbox 625 756 666 806; x_wconf 87' lang='lat' dir='ltr'>ex</span> <span class='ocrx_word' id='word_1_26' title='bbox 679 732 722 805; x_wconf 93' lang='lat' dir='ltr'>iis</span> <span class='ocrx_word' id='word_1_27' title='bbox 737 743 848 822; x_wconf 86' lang='lat' dir='ltr'>ortas,</span> <span class='ocrx_word' id='word_1_28' title='bbox 861 732 938 806; x_wconf 92' lang='lat' dir='ltr'>illas</span> <span class='ocrx_word' id='word_1_29' title='bbox 953 734 1096 830; x_wconf 90' lang='lat' dir='ltr'>quidem</span> <span class='ocrx_word' id='word_1_30' title='bbox 1109 735 1220 808; x_wconf 89' lang='lat' dir='ltr'>varias</span> <span class='ocrx_word' id='word_1_31' title='bbox 1235 758 1311 808; x_wconf 86' lang='lat' dir='ltr'>esse</span> 
     </span>
     <span class='ocr_line' id='line_1_6' title="bbox 247 853 1311 949; baseline 0.001 -22"><span class='ocrx_word' id='word_1_32' title='bbox 247 863 282 928; x_wconf 91' lang='lat' dir='ltr'>et</span> <span class='ocrx_word' id='word_1_33' title='bbox 295 853 394 949; x_wconf 87' lang='lat' dir='ltr'>quasi</span> <span class='ocrx_word' id='word_1_34' title='bbox 407 853 655 943; x_wconf 60' lang='lat' dir='ltr'>multiformes</span> <span class='ocrx_word' id='word_1_35' title='bbox 673 863 710 927; x_wconf 90' lang='lat' dir='ltr'>ut</span> <span class='ocrx_word' id='word_1_36' title='bbox 723 854 958 928; x_wconf 90' lang='lat' dir='ltr'>animantium</span> <span class='ocrx_word' id='word_1_37' title='bbox 981 855 1110 928; x_wconf 89' lang='lat' dir='ltr'>lormas</span> <span class='ocrx_word' id='word_1_38' title='bbox 1133 865 1311 929; x_wconf 83' lang='lat' dir='ltr'>eteorum</span> 
     </span>
     <span class='ocr_line' id='line_1_7' title="bbox 249 966 1354 1070; baseline 0.004 -25"><span class='ocrx_word' id='word_1_39' title='bbox 249 995 370 1048; x_wconf 89' lang='lat' dir='ltr'>rerum</span> <span class='ocrx_word' id='word_1_40' title='bbox 387 996 465 1070; x_wconf 83' lang='lat' dir='ltr'>quae</span> <span class='ocrx_word' id='word_1_41' title='bbox 482 973 674 1070; x_wconf 84' lang='lat' dir='ltr'>gignuntur</span> <span class='ocrx_word' id='word_1_42' title='bbox 690 974 727 1046; x_wconf 91' lang='lat' dir='ltr'>in</span> <span class='ocrx_word' id='word_1_43' title='bbox 742 984 848 1066; x_wconf 83' lang='lat' dir='ltr'>terra3</span> <span class='ocrx_word' id='word_1_44' title='bbox 1350 966 1354 972; x_wconf 65' lang='grc'>’</span> 
     </span>
    </p>

    <p class='ocr_par' dir='ltr' id='par_1_5' title="bbox 248 1095 1328 1549">
     <span class='ocr_line' id='line_1_8' title="bbox 299 1095 1311 1194; baseline 0.003 -28"><span class='ocrx_word' id='word_1_45' title='bbox 299 1096 377 1168; x_wconf 68' lang='lat' dir='ltr'>&lt;clix</span> <span class='ocrx_word' id='word_1_46' title='bbox 399 1098 465 1170; x_wconf 91' lang='lat' dir='ltr'>hac</span> <span class='ocrx_word' id='word_1_47' title='bbox 482 1096 514 1171; x_wconf 74' lang='lat' dir='ltr'>,vi</span> <span class='ocrx_word' id='word_1_48' title='bbox 535 1095 743 1191; x_wconf 77' lang='lat' dir='ltr'>qualitatum</span> <span class='ocrx_word' id='word_1_49' title='bbox 762 1119 908 1193; x_wconf 89' lang='lat' dir='ltr'>corpora</span> <span class='ocrx_word' id='word_1_50' title='bbox 927 1120 1092 1193; x_wconf 86' lang='lat' dir='ltr'>quaeque,</span> <span class='ocrx_word' id='word_1_51' title='bbox 1113 1121 1175 1171; x_wconf 87' lang='lat' dir='ltr'>seu</span> <span class='ocrx_word' id='word_1_52' title='bbox 1195 1097 1311 1194; x_wconf 88' lang='lat' dir='ltr'>qualia</span> 
     </span>
     <span class='ocr_line' id='line_1_9' title="bbox 250 1209 1311 1313; baseline 0.003 -23"><span class='ocrx_word' id='word_1_53' title='bbox 250 1217 410 1313; x_wconf 87' lang='lat' dir='ltr'>quaedam</span> <span class='ocrx_word' id='word_1_54' title='bbox 423 1216 513 1290; x_wconf 82' lang='lat' dir='ltr'>effici</span> <span class='ocrx_word' id='word_1_55' title='bbox 523 1244 532 1307; x_wconf 91' lang='lat'>;</span> <span class='ocrx_word' id='word_1_56' title='bbox 548 1239 567 1289; x_wconf 91' lang='lat' dir='ltr'>e</span> <span class='ocrx_word' id='word_1_57' title='bbox 585 1216 714 1311; x_wconf 88' lang='lat' dir='ltr'>quibus</span> <span class='ocrx_word' id='word_1_58' title='bbox 731 1217 769 1289; x_wconf 91' lang='lat' dir='ltr'>in</span> <span class='ocrx_word' id='word_1_59' title='bbox 787 1218 883 1290; x_wconf 92' lang='lat' dir='ltr'>omni</span> <span class='ocrx_word' id='word_1_60' title='bbox 903 1209 1027 1292; x_wconf 88' lang='lat' dir='ltr'>natura</span> <span class='ocrx_word' id='word_1_61' title='bbox 1047 1219 1094 1292; x_wconf 91' lang='lat' dir='ltr'>ita</span> <span class='ocrx_word' id='word_1_62' title='bbox 1116 1221 1311 1295; x_wconf 86' lang='lat' dir='ltr'>cohaerente</span> 
     </span>
     <span class='ocr_line' id='line_1_10' title="bbox 248 1338 1309 1442; baseline 0.002 -30"><span class='ocrx_word' id='word_1_63' title='bbox 248 1348 283 1412; x_wconf 95' lang='lat' dir='ltr'>et</span> <span class='ocrx_word' id='word_1_64' title='bbox 308 1338 526 1427; x_wconf 87' lang='lat' dir='ltr'>continuata,</span> <span class='ocrx_word' id='word_1_65' title='bbox 555 1347 594 1442; x_wconf 91' lang='lat' dir='ltr'>ut</span> <span class='ocrx_word' id='word_1_66' title='bbox 616 1348 710 1411; x_wconf 87' lang='lat' dir='ltr'>extra</span> <span class='ocrx_word' id='word_1_67' title='bbox 737 1362 819 1412; x_wconf 89' lang='lat' dir='ltr'>eum</span> <span class='ocrx_word' id='word_1_68' title='bbox 848 1339 944 1413; x_wconf 87' lang='lat' dir='ltr'>nulla</span> <span class='ocrx_word' id='word_1_69' title='bbox 972 1339 1017 1412; x_wconf 92' lang='lat' dir='ltr'>sit</span> <span class='ocrx_word' id='word_1_70' title='bbox 1039 1363 1119 1436; x_wconf 89' lang='lat' dir='ltr'>pars</span> <span class='ocrx_word' id='word_1_71' title='bbox 1140 1340 1309 1429; x_wconf 77' lang='lat' dir='ltr'>materiae,</span> 
     </span>
     <span class='ocr_line' id='line_1_11' title="bbox 248 1459 1328 1549; baseline -0.002 -15"><span class='ocrx_word' id='word_1_72' title='bbox 248 1459 705 1549; x_wconf 79' lang='lat' dir='ltr'>ellectumessemundum3</span> <span class='ocrx_word' id='word_1_73' title='bbox 1327 1545 1328 1548; x_wconf 7' lang='lat' dir='ltr'>p</span> 
     </span>
    </p>

    <p class='ocr_par' dir='ltr' id='par_1_6' title="bbox 220 1580 1375 2164">
     <span class='ocr_line' id='line_1_12' title="bbox 299 1580 1309 1676; baseline 0.003 -25"><span class='ocrx_word' id='word_1_74' title='bbox 299 1581 451 1655; x_wconf 73' lang='lat' dir='ltr'>«Omnia</span> <span class='ocrx_word' id='word_1_75' title='bbox 467 1591 584 1654; x_wconf 88' lang='lat' dir='ltr'>autem</span> <span class='ocrx_word' id='word_1_76' title='bbox 600 1580 728 1676; x_wconf 91' lang='lat' dir='ltr'>quaein</span> <span class='ocrx_word' id='word_1_77' title='bbox 746 1581 879 1654; x_wconf 92' lang='lat' dir='ltr'>mundo</span> <span class='ocrx_word' id='word_1_78' title='bbox 895 1592 979 1654; x_wconf 90' lang='lat' dir='ltr'>sunt</span> <span class='ocrx_word' id='word_1_79' title='bbox 998 1591 1121 1655; x_wconf 89' lang='lat' dir='ltr'>natura</span> <span class='ocrx_word' id='word_1_80' title='bbox 1139 1581 1309 1670; x_wconf 76' lang='lat' dir='ltr'>sentiente</span> 
     </span>
     <span class='ocr_line' id='line_1_13' title="bbox 220 1697 1311 1800; baseline -0.001 -24"><span class='ocrx_word' id='word_1_81' title='bbox 220 1697 222 1701; x_wconf 52' lang='lat'><em>&#39;</em></span> <span class='ocrx_word' id='word_1_82' title='bbox 249 1713 284 1776; x_wconf 91' lang='lat' dir='ltr'>ct</span> <span class='ocrx_word' id='word_1_83' title='bbox 298 1701 508 1800; x_wconf 90' lang='lat' dir='ltr'>sempiterna</span> <span class='ocrx_word' id='word_1_84' title='bbox 528 1701 657 1790; x_wconf 76' lang='lat' dir='ltr'>teneri,</span> <span class='ocrx_word' id='word_1_85' title='bbox 675 1701 815 1796; x_wconf 90' lang='lat' dir='ltr'>vimque</span> <span class='ocrx_word' id='word_1_86' title='bbox 834 1701 931 1773; x_wconf 93' lang='lat' dir='ltr'>illam</span> <span class='ocrx_word' id='word_1_87' title='bbox 952 1701 1065 1799; x_wconf 85' lang='lat' dir='ltr'><strong>ipsam</strong></span> <span class='ocrx_word' id='word_1_88' title='bbox 1086 1702 1212 1775; x_wconf 91' lang='lat' dir='ltr'>mundi</span> <span class='ocrx_word' id='word_1_89' title='bbox 1235 1703 1311 1775; x_wconf 91' lang='lat' dir='ltr'>ani-</span> 
     </span>
     <span class='ocr_line' id='line_1_14' title="bbox 248 1821 1312 1920; baseline -0.001 -25"><span class='ocrx_word' id='word_1_90' title='bbox 248 1844 348 1895; x_wconf 88' lang='lat' dir='ltr'>mum</span> <span class='ocrx_word' id='word_1_91' title='bbox 375 1844 472 1910; x_wconf 88' lang='lat' dir='ltr'>esse,</span> <span class='ocrx_word' id='word_1_92' title='bbox 487 1821 729 1917; x_wconf 85' lang='lat' dir='ltr'>eamdemque</span> <span class='ocrx_word' id='word_1_93' title='bbox 758 1831 913 1896; x_wconf 80' lang='lat' dir='ltr'>mentem</span> <span class='ocrx_word' id='word_1_94' title='bbox 938 1832 973 1895; x_wconf 90' lang='lat' dir='ltr'>et</span> <span class='ocrx_word' id='word_1_95' title='bbox 1005 1823 1211 1919; x_wconf 82' lang='lat' dir='ltr'>sapientiam</span> <span class='ocrx_word' id='word_1_96' title='bbox 1233 1846 1312 1920; x_wconf 90' lang='lat' dir='ltr'>per-</span> 
     </span>
     <span class='ocr_line' id='line_1_15' title="bbox 248 1944 1312 2041; baseline 0.001 -24"><span class='ocrx_word' id='word_1_97' title='bbox 248 1945 375 2018; x_wconf 89' lang='lat' dir='ltr'>lectam</span> <span class='ocrx_word' id='word_1_98' title='bbox 395 1954 429 2018; x_wconf 93' lang='lat' dir='ltr'>et</span> <span class='ocrx_word' id='word_1_99' title='bbox 451 1945 563 2018; x_wconf 89' lang='lat' dir='ltr'>Deum</span> <span class='ocrx_word' id='word_1_100' title='bbox 584 1955 622 2019; x_wconf 90' lang='lat' dir='ltr'>et</span> <span class='ocrx_word' id='word_1_101' title='bbox 638 1944 862 2041; x_wconf 82' lang='lat' dir='ltr'>prudentiam</span> <span class='ocrx_word' id='word_1_102' title='bbox 882 1954 917 2018; x_wconf 89' lang='lat' dir='ltr'>et</span> <span class='ocrx_word' id='word_1_103' title='bbox 938 1945 1179 2019; x_wconf 86' lang='lat' dir='ltr'>necessitatem</span> <span class='ocrx_word' id='word_1_104' title='bbox 1194 1955 1229 2018; x_wconf 89' lang='lat' dir='ltr'>et</span> <span class='ocrx_word' id='word_1_105' title='bbox 1245 1945 1312 2018; x_wconf 89' lang='lat' dir='ltr'>lor-</span> 
     </span>
     <span class='ocr_line' id='line_1_16' title="bbox 248 2067 1375 2164; baseline 0 -25"><span class='ocrx_word' id='word_1_106' title='bbox 248 2077 370 2141; x_wconf 88' lang='lat' dir='ltr'>tunam</span> <span class='ocrx_word' id='word_1_107' title='bbox 389 2067 497 2141; x_wconf 75' lang='lat' dir='ltr'>dici.»</span> <span class='ocrx_word' id='word_1_108' title='bbox 1373 2161 1375 2164; x_wconf 13' lang='grc' dir='ltr'>ι</span> 
     </span>
    </p>

    <p class='ocr_par' dir='ltr' id='par_1_7' title="bbox 297 2187 1311 2286">
     <span class='ocr_line' id='line_1_17' title="bbox 297 2187 1311 2286; baseline 0 -25"><span class='ocrx_word' id='word_1_109' title='bbox 297 2187 381 2273; x_wconf 86' lang='lat' dir='ltr'>Quae</span> <span class='ocrx_word' id='word_1_110' title='bbox 403 2188 488 2261; x_wconf 92' lang='lat' dir='ltr'>dum</span> <span class='ocrx_word' id='word_1_111' title='bbox 508 2190 648 2286; x_wconf 87' lang='lat' dir='ltr'>exponit</span> <span class='ocrx_word' id='word_1_112' title='bbox 665 2190 791 2279; x_wconf 83' lang='lat' dir='ltr'>Varro,</span> <span class='ocrx_word' id='word_1_113' title='bbox 810 2191 990 2286; x_wconf 87' lang='lat' dir='ltr'>antiquam</span> <span class='ocrx_word' id='word_1_114' title='bbox 1011 2190 1144 2263; x_wconf 72' lang='lat' dir='ltr'>illam&#39;a</span> <span class='ocrx_word' id='word_1_115' title='bbox 1167 2189 1311 2262; x_wconf 90' lang='lat' dir='ltr'>Platone</span> 
     </span>
    </p>
   </div>
   <div class='ocr_carea' id='block_1_5' title="bbox 248 2298 1472 2416">
    <p class='ocr_par' dir='ltr' id='par_1_8' title="bbox 248 2298 1472 2416">
     <span class='ocr_line' id='line_1_18' title="bbox 248 2298 1472 2416; baseline -0.001 -35"><span class='ocrx_word' id='word_1_116' title='bbox 248 2318 446 2405; x_wconf 81' lang='lat' dir='ltr'>acceptam,</span> <span class='ocrx_word' id='word_1_117' title='bbox 467 2309 762 2416; x_wconf 61' lang='lat' dir='ltr'>Academicorum</span> <span class='ocrx_word' id='word_1_118' title='bbox 787 2333 913 2406; x_wconf 90' lang='lat' dir='ltr'>nempe</span> <span class='ocrx_word' id='word_1_119' title='bbox 940 2320 974 2387; x_wconf 88' lang='lat' dir='ltr'>ct</span> <span class='ocrx_word' id='word_1_120' title='bbox 998 2310 1311 2407; x_wconf 80' lang='lat' dir='ltr'>Peripateticorum</span> <span class='ocrx_word' id='word_1_121' title='bbox 1378 2298 1381 2304; x_wconf 47' lang='lat'><strong>⁴</strong></span> <span class='ocrx_word' id='word_1_122' title='bbox 1416 2301 1421 2310; x_wconf 75' lang='grc'>’</span> <span class='ocrx_word' id='word_1_123' title='bbox 1471 2347 1472 2370; x_wconf 55' lang='lat' dir='ltr'>t</span> 
     </span>
    </p>
   </div>
   <div class='ocr_carea' id='block_1_6' title="bbox 246 2428 1312 4112">
    <p class='ocr_par' dir='ltr' id='par_1_9' title="bbox 246 2428 1312 3615">
     <span class='ocr_line' id='line_1_19' title="bbox 248 2428 1309 2527; baseline 0.002 -27"><span class='ocrx_word' id='word_1_124' title='bbox 248 2428 445 2503; x_wconf 87' lang='lat' dir='ltr'>doctrinam</span> <span class='ocrx_word' id='word_1_125' title='bbox 465 2430 614 2504; x_wconf 89' lang='lat' dir='ltr'>retinere</span> <span class='ocrx_word' id='word_1_126' title='bbox 638 2430 703 2504; x_wconf 90' lang='lat' dir='ltr'>sibi</span> <span class='ocrx_word' id='word_1_127' title='bbox 725 2430 880 2520; x_wconf 81' lang='lat' dir='ltr'>videtur3</span> <span class='ocrx_word' id='word_1_128' title='bbox 907 2432 1020 2527; x_wconf 89' lang='lat' dir='ltr'>reipsa</span> <span class='ocrx_word' id='word_1_129' title='bbox 1042 2432 1089 2505; x_wconf 89' lang='lat' dir='ltr'>ita</span> <span class='ocrx_word' id='word_1_130' title='bbox 1112 2431 1309 2504; x_wconf 92' lang='lat' dir='ltr'>Stoicorum</span> 
     </span>
     <span class='ocr_line' id='line_1_20' title="bbox 249 2548 1311 2648; baseline 0.003 -28"><span class='ocrx_word' id='word_1_131' title='bbox 249 2548 471 2646; x_wconf 87' lang='lat' dir='ltr'>disciplinam</span> <span class='ocrx_word' id='word_1_132' title='bbox 488 2552 658 2647; x_wconf 86' lang='lat' dir='ltr'>sequitur,</span> <span class='ocrx_word' id='word_1_133' title='bbox 681 2561 718 2625; x_wconf 90' lang='lat' dir='ltr'>nt</span> <span class='ocrx_word' id='word_1_134' title='bbox 737 2552 868 2648; x_wconf 86' lang='lat' dir='ltr'>abillis</span> <span class='ocrx_word' id='word_1_135' title='bbox 891 2552 985 2625; x_wconf 89' lang='lat' dir='ltr'>nulla</span> <span class='ocrx_word' id='word_1_136' title='bbox 1004 2553 1040 2626; x_wconf 91' lang='lat' dir='ltr'>in</span> <span class='ocrx_word' id='word_1_137' title='bbox 1060 2576 1097 2626; x_wconf 89' lang='lat' dir='ltr'>re</span> <span class='ocrx_word' id='word_1_138' title='bbox 1115 2552 1311 2640; x_wconf 88' lang='lat' dir='ltr'>dissentiat,</span> 
     </span>
     <span class='ocr_line' id='line_1_21' title="bbox 248 2670 1311 2771; baseline 0.006 -30"><span class='ocrx_word' id='word_1_139' title='bbox 248 2692 291 2742; x_wconf 90' lang='lat' dir='ltr'>ne</span> <span class='ocrx_word' id='word_1_140' title='bbox 307 2693 378 2742; x_wconf 93' lang='lat' dir='ltr'>uno</span> <span class='ocrx_word' id='word_1_141' title='bbox 394 2670 536 2766; x_wconf 89' lang='lat' dir='ltr'>quidem</span> <span class='ocrx_word' id='word_1_142' title='bbox 553 2672 725 2768; x_wconf 90' lang='lat' dir='ltr'>discrepet</span> <span class='ocrx_word' id='word_1_143' title='bbox 745 2672 860 2745; x_wconf 89' lang='lat' dir='ltr'>verbo.</span> <span class='ocrx_word' id='word_1_144' title='bbox 877 2673 927 2746; x_wconf 90' lang='lat' dir='ltr'>lta</span> <span class='ocrx_word' id='word_1_145' title='bbox 947 2674 1050 2746; x_wconf 88' lang='lat' dir='ltr'>etiam</span> <span class='ocrx_word' id='word_1_146' title='bbox 1066 2675 1247 2771; x_wconf 87' lang='lat' dir='ltr'>opiniones</span> <span class='ocrx_word' id='word_1_147' title='bbox 1267 2674 1311 2747; x_wconf 87' lang='lat' dir='ltr'>ad</span> 
     </span>
     <span class='ocr_line' id='line_1_22' title="bbox 246 2790 1312 2897; baseline 0.006 -35"><span class='ocrx_word' id='word_1_148' title='bbox 246 2790 426 2887; x_wconf 79' lang='lat' dir='ltr'>physicam</span> <span class='ocrx_word' id='word_1_149' title='bbox 441 2791 670 2897; x_wconf 60' lang='lat' dir='ltr'>pertinentes</span> <span class='ocrx_word' id='word_1_150' title='bbox 691 2792 733 2866; x_wconf 92' lang='lat' dir='ltr'>de</span> <span class='ocrx_word' id='word_1_151' title='bbox 752 2793 881 2888; x_wconf 90' lang='lat' dir='ltr'>quibus</span> <span class='ocrx_word' id='word_1_152' title='bbox 896 2793 977 2866; x_wconf 91' lang='lat' dir='ltr'>Piso</span> <span class='ocrx_word' id='word_1_153' title='bbox 998 2804 1032 2868; x_wconf 87' lang='lat' dir='ltr'>et</span> <span class='ocrx_word' id='word_1_154' title='bbox 1049 2794 1219 2869; x_wconf 87' lang='lat' dir='ltr'>Lucullus</span> <span class='ocrx_word' id='word_1_155' title='bbox 1236 2795 1312 2868; x_wconf 91' lang='lat' dir='ltr'>ohi-</span> 
     </span>
     <span class='ocr_line' id='line_1_23' title="bbox 247 2912 1312 3007; baseline 0.006 -23"><span class='ocrx_word' id='word_1_156' title='bbox 247 2919 299 2984; x_wconf 89' lang='lat' dir='ltr'>ter</span> <span class='ocrx_word' id='word_1_157' title='bbox 312 2912 529 2985; x_wconf 91' lang='lat' dir='ltr'>mentionem</span> <span class='ocrx_word' id='word_1_158' title='bbox 544 2912 761 3002; x_wconf 90' lang='lat' dir='ltr'>habuerunt,</span> <span class='ocrx_word' id='word_1_159' title='bbox 784 2937 906 2988; x_wconf 89' lang='lat' dir='ltr'>omnes</span> <span class='ocrx_word' id='word_1_160' title='bbox 920 2914 1045 2988; x_wconf 89' lang='lat' dir='ltr'>Stoicae</span> <span class='ocrx_word' id='word_1_161' title='bbox 1060 2925 1158 3007; x_wconf 82' lang='lat' dir='ltr'>sunt3</span> <span class='ocrx_word' id='word_1_162' title='bbox 1177 2916 1312 2990; x_wconf 84' lang='lat' dir='ltr'>Cicero-</span> 
     </span>
     <span class='ocr_line' id='line_1_24' title="bbox 248 3032 1312 3132; baseline 0.005 -28"><span class='ocrx_word' id='word_1_163' title='bbox 248 3054 316 3127; x_wconf 89' lang='lat' dir='ltr'>que</span> <span class='ocrx_word' id='word_1_164' title='bbox 332 3032 499 3122; x_wconf 90' lang='lat' dir='ltr'>Lucullo,</span> <span class='ocrx_word' id='word_1_165' title='bbox 515 3034 600 3106; x_wconf 95' lang='lat' dir='ltr'>dum</span> <span class='ocrx_word' id='word_1_166' title='bbox 615 3034 647 3107; x_wconf 91' lang='lat' dir='ltr'>ei</span> <span class='ocrx_word' id='word_1_167' title='bbox 662 3036 864 3131; x_wconf 90' lang='lat' dir='ltr'>respondet,</span> <span class='ocrx_word' id='word_1_168' title='bbox 885 3035 973 3108; x_wconf 92' lang='lat' dir='ltr'>nihil</span> <span class='ocrx_word' id='word_1_169' title='bbox 989 3036 1056 3108; x_wconf 90' lang='lat' dir='ltr'>nisi</span> <span class='ocrx_word' id='word_1_170' title='bbox 1075 3035 1201 3132; x_wconf 83' lang='lat' dir='ltr'>placita</span> <span class='ocrx_word' id='word_1_171' title='bbox 1221 3037 1312 3111; x_wconf 91' lang='lat' dir='ltr'>Stoi-</span> 
     </span>
     <span class='ocr_line' id='line_1_25' title="bbox 248 3153 1310 3252; baseline 0.005 -27"><span class='ocrx_word' id='word_1_172' title='bbox 248 3175 371 3225; x_wconf 90' lang='lat' dir='ltr'>corum</span> <span class='ocrx_word' id='word_1_173' title='bbox 384 3153 538 3227; x_wconf 69' lang='lat' dir='ltr'>tribunt</span> <span class='ocrx_word' id='word_1_174' title='bbox 554 3155 753 3228; x_wconf 84' lang='lat' dir='ltr'>Fatendum</span> <span class='ocrx_word' id='word_1_175' title='bbox 770 3166 822 3228; x_wconf 89' lang='lat' dir='ltr'>est</span> <span class='ocrx_word' id='word_1_176' title='bbox 834 3156 940 3252; x_wconf 84' lang='lat' dir='ltr'>igitur</span> <span class='ocrx_word' id='word_1_177' title='bbox 950 3180 1174 3231; x_wconf 89' lang='lat' dir='ltr'>communem</span> <span class='ocrx_word' id='word_1_178' title='bbox 1187 3181 1310 3231; x_wconf 89' lang='lat' dir='ltr'>corum</span> 
     </span>
     <span class='ocr_line' id='line_1_26' title="bbox 248 3274 1312 3375; baseline 0.008 -31"><span class='ocrx_word' id='word_1_179' title='bbox 248 3274 474 3370; x_wconf 79' lang='lat' dir='ltr'>magistrum,</span> <span class='ocrx_word' id='word_1_180' title='bbox 488 3298 599 3371; x_wconf 92' lang='lat' dir='ltr'>quum</span> <span class='ocrx_word' id='word_1_181' title='bbox 614 3276 831 3373; x_wconf 42' lang='lat' dir='ltr'>disputando,</span> <span class='ocrx_word' id='word_1_182' title='bbox 840 3278 1019 3374; x_wconf 78' lang='lat' dir='ltr'>physicam</span> <span class='ocrx_word' id='word_1_183' title='bbox 1034 3278 1151 3351; x_wconf 90' lang='lat' dir='ltr'>leviter</span> <span class='ocrx_word' id='word_1_184' title='bbox 1168 3279 1312 3375; x_wconf 78' lang='lat' dir='ltr'>attinge-</span> 
     </span>
     <span class='ocr_line' id='line_1_27' title="bbox 246 3397 1310 3497; baseline 0.006 -29"><span class='ocrx_word' id='word_1_185' title='bbox 246 3406 317 3486; x_wconf 89' lang='lat' dir='ltr'>ret,</span> <span class='ocrx_word' id='word_1_186' title='bbox 334 3420 405 3470; x_wconf 92' lang='lat' dir='ltr'>non</span> <span class='ocrx_word' id='word_1_187' title='bbox 420 3397 614 3472; x_wconf 83' lang='lat' dir='ltr'>Academiae</span> <span class='ocrx_word' id='word_1_188' title='bbox 628 3399 769 3489; x_wconf 78' lang='lat' dir='ltr'>veterio,</span> <span class='ocrx_word' id='word_1_189' title='bbox 789 3421 896 3496; x_wconf 89' lang='lat' dir='ltr'>quam</span> <span class='ocrx_word' id='word_1_190' title='bbox 911 3400 1009 3496; x_wconf 88' lang='lat' dir='ltr'>sequi</span> <span class='ocrx_word' id='word_1_191' title='bbox 1025 3424 1062 3474; x_wconf 89' lang='lat' dir='ltr'>se</span> <span class='ocrx_word' id='word_1_192' title='bbox 1077 3402 1310 3497; x_wconf 88' lang='lat' dir='ltr'>profiteretur,</span> 
     </span>
     <span class='ocr_line' id='line_1_28' title="bbox 249 3518 881 3615; baseline 0.006 -26"><span class='ocrx_word' id='word_1_193' title='bbox 249 3519 310 3590; x_wconf 91' lang='lat' dir='ltr'>sed</span> <span class='ocrx_word' id='word_1_194' title='bbox 325 3518 523 3592; x_wconf 87' lang='lat' dir='ltr'>Stoicorum</span> <span class='ocrx_word' id='word_1_195' title='bbox 538 3519 689 3615; x_wconf 85' lang='lat' dir='ltr'>vestigiis</span> <span class='ocrx_word' id='word_1_196' title='bbox 703 3520 881 3593; x_wconf 88' lang='lat' dir='ltr'>institisse.</span> 
     </span>
    </p>

    <p class='ocr_par' dir='ltr' id='par_1_10' title="bbox 246 3639 1311 3858">
     <span class='ocr_line' id='line_1_29' title="bbox 296 3639 1311 3736; baseline 0.004 -26"><span class='ocrx_word' id='word_1_197' title='bbox 296 3639 416 3735; x_wconf 89' lang='lat' dir='ltr'>ltaque</span> <span class='ocrx_word' id='word_1_198' title='bbox 430 3663 493 3736; x_wconf 92' lang='lat' dir='ltr'>pro</span> <span class='ocrx_word' id='word_1_199' title='bbox 509 3650 602 3714; x_wconf 88' lang='lat' dir='ltr'>certo</span> <span class='ocrx_word' id='word_1_200' title='bbox 623 3642 794 3715; x_wconf 90' lang='lat' dir='ltr'>habemus</span> <span class='ocrx_word' id='word_1_201' title='bbox 809 3640 1021 3714; x_wconf 87' lang='lat' dir='ltr'>Antiochum</span> <span class='ocrx_word' id='word_1_202' title='bbox 1035 3642 1078 3716; x_wconf 90' lang='lat' dir='ltr'>de</span> <span class='ocrx_word' id='word_1_203' title='bbox 1096 3652 1219 3716; x_wconf 93' lang='lat' dir='ltr'>natura</span> <span class='ocrx_word' id='word_1_204' title='bbox 1235 3642 1311 3715; x_wconf 92' lang='lat' dir='ltr'>ani-</span> 
     </span>
     <span class='ocr_line' id='line_1_30' title="bbox 246 3760 1035 3858; baseline 0.004 -26"><span class='ocrx_word' id='word_1_205' title='bbox 246 3760 295 3832; x_wconf 92' lang='lat' dir='ltr'>mi</span> <span class='ocrx_word' id='word_1_206' title='bbox 313 3770 347 3833; x_wconf 92' lang='lat' dir='ltr'>et</span> <span class='ocrx_word' id='word_1_207' title='bbox 363 3760 404 3834; x_wconf 91' lang='lat' dir='ltr'>de</span> <span class='ocrx_word' id='word_1_208' title='bbox 419 3761 489 3835; x_wconf 89' lang='lat' dir='ltr'>Deo</span> <span class='ocrx_word' id='word_1_209' title='bbox 501 3762 623 3837; x_wconf 91' lang='lat' dir='ltr'>eadem</span> <span class='ocrx_word' id='word_1_210' title='bbox 638 3785 715 3858; x_wconf 89' lang='lat' dir='ltr'>quae</span> <span class='ocrx_word' id='word_1_211' title='bbox 729 3762 863 3837; x_wconf 87' lang='lat' dir='ltr'>Stoicos</span> <span class='ocrx_word' id='word_1_212' title='bbox 876 3762 1035 3836; x_wconf 87' lang='lat' dir='ltr'>sensisse.</span> 
     </span>
    </p>

    <p class='ocr_par' dir='ltr' id='par_1_11' title="bbox 246 3881 1310 4112">
     <span class='ocr_line' id='line_1_31' title="bbox 296 3881 1310 3979; baseline 0.003 -24"><span class='ocrx_word' id='word_1_213' title='bbox 296 3881 413 3966; x_wconf 84' lang='lat' dir='ltr'>Quum</span> <span class='ocrx_word' id='word_1_214' title='bbox 438 3883 520 3956; x_wconf 89' lang='lat' dir='ltr'>satis</span> <span class='ocrx_word' id='word_1_215' title='bbox 538 3884 613 3979; x_wconf 87' lang='lat' dir='ltr'>ejus</span> <span class='ocrx_word' id='word_1_216' title='bbox 633 3883 791 3957; x_wconf 89' lang='lat' dir='ltr'>doctrina</span> <span class='ocrx_word' id='word_1_217' title='bbox 812 3907 874 3957; x_wconf 89' lang='lat' dir='ltr'>seu</span> <span class='ocrx_word' id='word_1_218' title='bbox 898 3885 940 3958; x_wconf 89' lang='lat' dir='ltr'>de</span> <span class='ocrx_word' id='word_1_219' title='bbox 962 3883 1071 3979; x_wconf 82' lang='lat' dir='ltr'>logica</span> <span class='ocrx_word' id='word_1_220' title='bbox 1087 3894 1159 3957; x_wconf 90' lang='lat' dir='ltr'>arte</span> <span class='ocrx_word' id='word_1_221' title='bbox 1182 3908 1244 3957; x_wconf 90' lang='lat' dir='ltr'>seu</span> <span class='ocrx_word' id='word_1_222' title='bbox 1268 3885 1310 3958; x_wconf 93' lang='lat' dir='ltr'>de</span> 
     </span>
     <span class='ocr_line' id='line_1_32' title="bbox 246 4007 1308 4112; baseline 0.001 -35"><span class='ocrx_word' id='word_1_223' title='bbox 246 4007 312 4079; x_wconf 91' lang='lat' dir='ltr'>vita</span> <span class='ocrx_word' id='word_1_224' title='bbox 335 4017 369 4080; x_wconf 91' lang='lat' dir='ltr'>et</span> <span class='ocrx_word' id='word_1_225' title='bbox 390 4007 547 4079; x_wconf 91' lang='lat' dir='ltr'>moribus</span> <span class='ocrx_word' id='word_1_226' title='bbox 570 4007 722 4080; x_wconf 88' lang='lat' dir='ltr'>declaret</span> <span class='ocrx_word' id='word_1_227' title='bbox 746 4008 903 4080; x_wconf 92' lang='lat' dir='ltr'>animum</span> <span class='ocrx_word' id='word_1_228' title='bbox 931 4008 966 4079; x_wconf 91' lang='lat' dir='ltr'>in</span> <span class='ocrx_word' id='word_1_229' title='bbox 987 4007 1092 4112; x_wconf 85' lang='lat' dir='ltr'>nobis</span> <span class='ocrx_word' id='word_1_230' title='bbox 1114 4007 1227 4080; x_wconf 88' lang='lat' dir='ltr'>inesse</span> <span class='ocrx_word' id='word_1_231' title='bbox 1250 4008 1308 4103; x_wconf 89' lang='lat' dir='ltr'>qui</span> 
     </span>
    </p>
   </div>
   <div class='ocr_carea' id='block_1_7' title="bbox 282 4175 551 4235">
    <p class='ocr_par' dir='ltr' id='par_1_12' title="bbox 282 4175 551 4235">
     <span class='ocr_line' id='line_1_33' title="bbox 282 4175 551 4235; baseline -0.007 -10"><span class='ocrx_word' id='word_1_232' title='bbox 282 4177 287 4212; x_wconf 88' lang='lat'>¹</span> <span class='ocrx_word' id='word_1_233' title='bbox 307 4175 401 4234; x_wconf 72' lang='lat' dir='ltr'>acad,</span> <span class='ocrx_word' id='word_1_234' title='bbox 417 4177 452 4235; x_wconf 86' lang='lat' dir='ltr'>u,</span> <span class='ocrx_word' id='word_1_235' title='bbox 469 4179 551 4224; x_wconf 78' lang='lat' dir='ltr'>eo-u.</span> 
     </span>
    </p>
   </div>
   <div class='ocr_carea' id='block_1_8' title="bbox 0 0 1488 4609">
    <p class='ocr_par' dir='ltr' id='par_1_13' title="bbox 0 0 1488 4609">
     <span class='ocr_line' id='line_1_34' title="bbox 0 0 1488 4609; baseline 0 0"><span class='ocrx_word' id='word_1_236' title='bbox 0 0 1488 4609; x_wconf 95' lang='lat' dir='ltr'> </span> 
     </span>
    </p>
   </div>
  </div>
 </body>
</html>
