2967 4609
752 187 800 260 58
895 185 901 196 ’

292 336 464 410 Antiocho
473 355 655 408 summum
666 333 801 407 bonum
812 343 848 407 et
856 331 1220 429 finisexpetcndorum
1234 331 1310 410 erat

245 456 460 532 «honeste
430 478 558 543 vivere,
570 455 745 529 fruentem
757 453 899 528 rebus
877 477 920 527 us
930 477 1017 550 quas
1030 454 1161 588 primas
1170 457 1307 530 homini

244 588 397 651 enatura
411 576 603 653 conciliet¹.
609 576 697 649 »lta
715 599 747 650 ei
737 575 903 648 cmulta
916 584 1141 672 praeteru
1052 575 1141 649 virtu
1144 586 1215 650 tem
1232 601 1309 674 par-

243 677 348 775 irim
354 725 433 776 cara
448 724 540 790 esse,
559 724 623 797 par
623 699 687 772 tim
700 699 804 773 etiam
815 700 1011 774 necessaria
1019 709 1168 797 ,praeter
1179 703 1310 776 hones·

246 835 379 899 atatem
399 825 511 898 multa
534 823 642 913 bona,
664 833 790 920 praeter
809 822 1065 919 turpitudinem
1085 825 1196 899 multa
1215 827 1309 901 mala

245 970 347 1021 cesse
367 946 633 1021 videbantur²m
655 945 822 1030 Quaedam
837 944 944 1041 igitur
964 968 1040 1019 esse
1055 956 1090 1030 et
1103 948 1259 1044 corporis
1275 960 1311 1022 et

243 1066 1310 1163 tortunaemaladicebat,itauttriaessentgeneramalorum‘l.

290 1192 342 1268 Ne
365 1202 482 1266 autem
501 1215 584 1266 cum
600 1189 839 1287 Peripateticis
859 1190 1009 1263 nimium
1035 1192 1233 1266 consentire
1254 1195 1306 1266 vi-

244 1315 325 1389 deat
310 1325 368 1388 tur
381 1315 452 1388 Ant
437 1314 592 1405 tiochum
607 1312 708 1411 quid,
723 1314 766 1388 de
786 1313 862 1387 istis
884 1323 919 1387 et
939 1313 1144 1456 corporisct
1129 1315 1311 1438 tlortunae

243 1435 364 1525 honis,
382 1436 559 1510 censuerit
567 1436 826 1542 ,exquiramus

227 1615 232 1624 .
293 1556 465 1630 Antiocho
486 1557 624 1654 judice,
646 1558 737 1644 bona
760 1556 916 1654 corporis
932 1565 968 1630 et
982 1557 1130 1630 fortunae
1144 1557 1307 1631 beatissi-

243 1699 339 1749 mam
363 1677 505 1772 quidem
530 1682 636 1752 vitam
662 1677 905 1773 complebant,
931 1677 1061 1752 sedita
1085 1687 1126 1751 ut
1146 1678 1221 1752 sine
1241 1679 1310 1753 illis

244 1808 362 1895 posset
385 1798 484 1872 beata
504 1797 572 1871 vita
593 1798 795 1889 exsistere&
814 1798 857 1872 de
872 1799 946 1872 istis
962 1799 1068 1895 igitur
1082 1800 1156 1897 ipse
1173 1801 1312 1876 dicebat

243 1919 355 1992 multo
370 1920 496 1993 melius
511 1930 546 1994 et
562 1903 684 2006 lortius
700 1943 807 2016 quam
821 1920 1059 2022 Peripatetici,
1077 1922 1138 2017 qui
1155 1922 1310 1995 multum
1404 1955 1413 1978 ·

243 2041 280 2113 in
304 2042 442 2115 fortuna
464 2042 620 2126 secunda
643 2052 704 2115 aut
722 2041 884 2131 adversa,
904 2043 1057 2115 multum
1073 2043 1108 2115 in
1127 2043 1229 2117 bonis
1250 2055 1313 2116 aut

243 2161 344 2235 malis
360 2162 515 2258 corporis
541 2162 749 2259 ponebant.
765 2162 815 2236 Ac
830 2164 1024 2260 praecipue,
1040 2187 1151 2259 quum
1174 2164 1254 2262 plus
1273 2165 1312 2237 iu

242 2282 367 2356 virtute
382 2283 555 2356 firmitatis
570 2307 610 2357 ac
625 2284 760 2374 roboris
775 2294 925 2374 teneret,
942 2285 985 2358 de
1001 2285 1151 2370 externis
1166 2287 1308 2382 parcius

243 2408 401 2503 agebat⁶;
417 2417 452 2481 et
465 2408 747 2505 Theophrastum
764 2423 946 2482 accusasse
960 2408 1108 2498 videtur,
1123 2410 1225 2506 cujus
1249 2410 1311 2483 de·
1416 2389 1424 2402 ⁹

244 2528 380 2602 licatior
392 2530 602 2625 molliorque
619 2529 706 2604 ratio
724 2530 876 2603 nimium
894 2530 1041 2603 fortunae
1061 2531 1175 2620 daret,
1201 2540 1237 2603 et
1262 2531 1311 2603 ita

243 2648 380 2722 virtutis
396 2674 518 2723 nervos
534 2650 734 2734 incideretl.
752 2650 809 2722 Nil
824 2650 955 2723 mirum
970 2650 1078 2747 igitur
1093 2652 1258 2725 Pisonem
1274 2652 1311 2723 in

243 2770 1310 2869 quintodeli'c'nc'boslibro,etllarronemapudllugustinum,

243 2891 286 2965 de
310 2913 449 2986 summo
472 2892 564 2966 bono
588 2902 740 2988 agentes
759 2902 898 2967 externa
921 2892 980 2966 illa
1002 2903 1038 2966 et
1053 2894 1201 2967 fortunae
1215 2894 1309 2967 bona

242 3012 297 3084 vix
312 3014 559 3104 nominavisse;
573 3013 835 3109 Varroncmque
858 3014 895 3086 in
910 3014 1130 3087 Academicis
1143 3017 1312 3112 pastorio

210 3193 215 3202 .
238 3134 348 3223 cibor,
354 3158 393 3208 ea
407 3133 509 3208 tertio
524 3135 599 3208 loco
612 3134 736 3230 posita,
746 3134 913 3208 duntaxat
924 3135 968 3207 ad
981 3158 1163 3208 summurn
1174 3136 1311 3209 bonum

242 3256 443 3351 augendum
458 3256 565 3329 luisse
580 3256 745 3353 adjuncta
760 3253 898 3330 dixisse.
919 3256 982 3329 Vix
1003 3257 1188 3353 proprium
1210 3258 1307 3330 enim

62 3371 64 3378 ’
132 3371 134 3374 ’
241 3401 283 3450 ac
305 3377 489 3451 definitum
512 3379 630 3451 locum
653 3380 728 3452 haec
750 3369 1047 3469 bona,llntiocho
1067 3369 1311 3476 judicc‚obti-
1358 3457 1361 3462 ,

279 3612 285 3645 ¹
303 3609 399 3669 Acud„
415 3612 451 3669 ll,
469 3613 509 3658 te.

275 3698 398 3758 mccc,
414 3701 449 3758 ll,
465 3703 509 3758 ta,
525 3702 565 3747 ct.
579 3719 611 3727 -
626 3700 716 3759 Tusc,
731 3700 764 3759 v,
779 3702 803 3747 8.

275 3788 289 3827 3
303 3792 338 3839 lb.

275 3875 409 3938 Wacsim,
423 3882 448 3928 ct
463 3880 500 3928 Dc
512 3878 593 3936 Fiet,
608 3879 640 3938 V,
655 3882 695 3927 st.
791 3936 794 3942 .

275 3966 287 4006 ⁵
302 3971 355 4029 lb„
370 3974 410 4020 at.

274 4056 352 4119 δυ»,
367 4062 406 4107 ec.

275 4147 288 4183 7
302 4150 391 4207 Varro,
407 4145 501 4206 Acco„
517 4147 542 4206 l,
557 4152 585 4205 9,
600 4150 639 4196 to.
654 4146 767 4207 -Piso,
784 4149 821 4197 De
835 4146 914 4208 utu„
928 4146 962 4207 V,
977 4151 1000 4197 ὅ,
