2967 4609
683 221 727 294 ΙΙ

227 368 346 442 «Cum
366 367 537 443 venissem
549 367 722 456 Athenas,
740 365 789 440 ait
802 364 896 464 ipse,
915 388 974 440 sex
997 387 1136 440 menses
1152 388 1235 440 cnm

178 489 392 582 «Antiocho,
407 492 529 566 veteris
549 490 745 566 Academiae
760 488 978 564 nobilissimo
992 497 1027 563 et
1041 488 1242 587 prudentis-

179 612 295 686 «simo
317 613 545 710 philosopho,
569 611 637 701 lui,
657 611 883 707 studiumque
899 609 1128 708 philosophia
1144 633 1240 683 nun·

179 713 316 831 «quam
336 735 592 824 intermissum,
607 757 626 807 a
640 733 823 831 primaque
838 731 1073 806 adolescentia
1090 730 1241 822 cultum,

179 866 243 929 cet
255 879 392 953 semper
407 867 570 946 auctum,
585 857 653 931 hoc
668 878 791 928 rursus
804 874 943 927 summo
956 862 1097 927 auctore
1113 862 1149 927 et
1159 852 1244 927 doc·

179 1003 196 1048 c
209 986 282 1052 tore
295 978 454 1052 renovavi
464 981 512 1052 Ι.»
528 976 641 1074 Atque
654 977 732 1051 ideo
745 974 917 1050 Antiocho
930 996 1069 1072 semper
1080 973 1172 1048 inter
1184 995 1243 1048 eos

177 1122 196 1172 a
213 1097 342 1195 quibus
362 1098 544 1174 institutus
559 1110 634 1174 erat
647 1100 835 1174 honestum
850 1097 970 1172 locum
985 1095 1124 1185 tribuit,
1144 1117 1245 1170 eum-

177 1221 257 1296 dem
275 1222 489 1319 fertiliorem
512 1243 617 1296 suum
641 1221 779 1296 dictitat
803 1220 992 1315 testarique
1012 1218 1101 1294 solet
1121 1217 1244 1315 quanti

176 1367 257 1419 eum
272 1344 395 1419 saciat:
423 1343 610 1440 «viriste,
627 1343 694 1434 ait,
710 1343 776 1417 luit
795 1342 853 1417 ille
876 1342 1020 1440 quidem
1037 1341 1193 1440 prudens
1207 1350 1245 1415 et

176 1476 301 1540 acutus
323 1475 358 1540 et
376 1465 413 1539 in
432 1488 497 1540 suo
509 1488 635 1562 genere
648 1465 834 1563 perlectus.
854 1506 904 1519 -
923 1462 1044 1537 Amavi
1061 1461 1243 1537 hominem

177 1586 270 1661 sicut
286 1587 345 1662 ille
359 1611 435 1677 me,
448 1610 553 1685 quem
563 1587 683 1685 judico
692 1585 943 1685 politissimum
954 1594 989 1659 et
1000 1583 1244 1658 acutissimum

177 1707 337 1784 omnium
370 1718 498 1783 nostrae
525 1708 703 1784 memoriae
730 1707 1033 1805 philosophorum.
1063 1747 1113 1761 -
1138 1705 1244 1779 Illum
1286 1759 1289 1764 -

177 1830 320 1926 quidem
333 1853 396 1927 ego
411 1853 549 1928 semper
562 1829 684 1919 dilexi,
698 1851 826 1926 meque
839 1827 882 1903 ab
897 1851 938 1903 eo
953 1826 1051 1924 diligi
1066 1827 1159 1902 sensi
1169 1829 1218 1900 ².»

229 1949 410 2046 Praecipue
441 1960 558 2024 tamen
595 1949 655 2023 hie
688 1950 1038 2023 commemorandum
1075 1958 1128 2023 est
1164 1947 1245 2021 libri

179 2068 293 2165 quinti
306 2069 358 2143 lle
370 2070 513 2144 Finibus
527 2070 738 2169 prooemium
758 2069 867 2160 illud,
888 2069 1012 2168 inquo
1030 2070 1150 2145 Cicero
1171 2070 1246 2168 ipse

178 2199 297 2263 narrat
329 2211 366 2264 se
397 2200 444 2286 et*
458 2189 604 2265 Athenis
632 2202 891 2265 commoratum
919 2215 1014 2281 esse,
1044 2201 1079 2267 et
1103 2191 1246 2265 solitum

177 2310 298 2385 audire
314 2312 470 2409 quotidie
490 2312 704 2388 Antiochum
719 2313 757 2386 in
771 2336 812 2389 eo
827 2314 1025 2411 gymnasio,
1048 2313 1142 2412 qnod
1162 2314 1246 2388 Pto·

177 2430 340 2506 lernaeum
366 2433 565 2509 vocabatur.
594 2435 672 2509 lam
702 2434 797 2510 enim
823 2434 1050 2509 hortos'illos
1075 2457 1147 2509 non
1170 2435 1245 2510 sine

178 2574 283 2627 causa
300 2554 592 2644 nobilitatos,sed
613 2555 762 2652 septimo
779 2565 859 2630 ante
873 2578 966 2628 anno
981 2578 1000 2630 a
1013 2554 1102 2653 Sylla
1114 2612 1124 2646 ,
1137 2566 1178 2629 ut
1190 2556 1245 2628 vi-

178 2673 291 2766 detur,
309 2685 476 2766 vastatam,
493 2677 692 2752 Academici
709 2677 953 2768 deseruerant3
973 2687 1015 2752 et'
1033 2677 1069 2750 in
1091 2689 1246 2775 postme-

178 2795 312 2870 ridiana
326 2797 385 2870 illa
399 2797 652 2889 ambulatione,
671 2799 793 2874 Cicero
806 2809 841 2874 et
853 2798 957 2872 amici
972 2800 1048 2896 ejus
1066 2822 1137 2873 non
1152 2799 1245 2874 Aca·

178 2915 329 2990 demiam
344 2916 498 2992 invisunt
512 2928 551 2992 ut
567 2919 751 3016 magistros
766 2920 1000 3016 disceptantes
1012 2919 1169 3011 audiant,
1182 2921 1244 2995 sed

176 3048 217 3111 ut
227 3061 448 3113 summorum
466 3040 619 3115 virorum
643 3039 773 3137 quibus
786 3039 974 3115 Academia
989 3042 1108 3117 floruit
1125 3066 1246 3118 recor-

178 3159 315 3237 datione
331 3162 556 3238 deleetentun
573 3163 613 3236 ln
629 3163 684 3238 his
699 3163 819 3260 spatiis
833 3164 929 3238 omni
945 3165 1047 3239 turba
1059 3167 1195 3256 vacuiS,
1207 3166 1244 3240 in

178 3281 236 3355 illa
251 3282 455 3373 solitudine,
477 3283 570 3359 venit
584 3283 652 3358 illis
667 3285 823 3359 Platonis
839 3286 875 3358 in
891 3296 1066 3376 mentem,
1086 3297 1121 3361 et
1137 3288 1246 3384 Speu-

178 3402 268 3499 sippi
280 3413 316 3478 et
327 3403 531 3478 Xenocratis
547 3415 582 3479 et
595 3405 816 3497 Polemonis;
834 3406 908 3503 ipse
923 3417 1040 3480 antem
1055 3406 1175 3481 Cicero
1188 3408 1244 3482 his

179 3524 263 3621 ipsis
277 3524 363 3599 locis
375 3525 418 3598 ad
433 3524 591 3600 altiorem
605 3527 813 3602 memoriam
829 3551 925 3602 novae
939 3527 1033 3602 illius
1048 3527 1245 3605 Academiae

215 3721 222 3756 ¹
240 3722 354 3779 Brutus,
368 3736 390 3769 c.
405 3723 446 3770 ot.

213 3809 225 3846 ²
240 3812 273 3859 be
291 3811 405 3860 Cicerone
422 3810 534 3859 Antiochi
546 3811 664 3873 discipulo
678 3817 703 3861 et
716 3812 830 3861 familiari
843 3813 915 3862 sido:
931 3812 1027 3875 deod,
1043 3815 1068 3875 l,
1082 3820 1096 3864 t
1109 3820 1135 3865 et
1149 3820 1194 3876 123
1209 3818 1244 3876 ΙΙ,

182 3905 226 3960 30,
245 3905 289 3960 tt,
308 3904 349 3950 te.
365 3933 399 3946 -.
414 3901 453 3951 De
469 3901 533 3952 Not.
551 3900 645 3959 Dece,
665 3900 689 3960 Ι,
704 3905 727 3950 3.
740 3934 775 3946 -
789 3902 827 3951 Da
841 3902 921 3963 Five,
936 3904 963 3963 ΙΙ,
979 3906 1007 3964 Ι,
1023 3909 1054 3954 25
1068 3909 1093 3954 ct
1106 3908 1147 3953 27.
1161 3937 1195 3949 .-
1208 3907 1246 3955 lla

182 3990 256 4055 Lep,
270 3989 294 4049 Ι,
309 3993 349 4039 21.
364 4010 397 4020 -
411 3992 502 4049 Tute,
516 3991 544 4049 V,
559 3993 573 4038 8
587 3993 613 4039 et
625 3992 671 4048 1⁰3
685 3990 731 4050 ΙΙΙ,
746 3991 920 4056 25.-Frop.
935 4006 990 4056 ep„
1003 3994 1035 4046 ad
1048 3994 1073 4040 C.
1089 3994 1202 4043 Pansam.
1212 4020 1246 4032 -

180 4081 216 4129 ct.
232 4077 368 4131 Porodoae.
383 4082 491 4133 Prooem.
505 4111 540 4123 -
552 4080 630 4140 mut,
648 4078 699 4130 t'tt.
715 4078 784 4140 cta,
799 4095 815 4144 p
839 4083 895 4131 862.
917 4107 950 4119 -
969 4083 1028 4132 Aur.
1044 4082 1120 4142 hiet,
1136 4083 1174 4133 De
1189 4083 1243 4136 Vir.

181 4167 237 4228 tlt,
251 4183 273 4218 c.
289 4172 329 4218 81.
