2967 4609
777 292 800 363 A

257 438 368 527 rium,
394 436 580 534 aliquando
612 438 718 511 etiam
753 435 1020 534 triumphalium
1048 436 1203 511 virorum
1231 437 1323 512 cele-

257 559 382 634 britate
397 559 592 658 stipatum,
605 581 757 656 quorum
772 558 1001 633 coutubernio
1018 568 1053 632 et
1070 558 1222 634 amicitia
1236 559 1323 633 adeo

257 680 325 756 luit
336 681 559 772 hone'status,
579 692 635 772 ut,
650 682 774 780 siquis
789 692 841 756 tot
856 682 1000 756 eximios
1015 681 1207 780 discipulos
1220 680 1325 755 vellet

258 805 463 879 submovere
474 863 483 894 ,
496 805 684 880 maximam
701 806 853 903 profecto
866 805 984 902 gloriae
996 816 1131 904 partem
1146 815 1182 880 et
1193 804 1340 903 magis-4

258 935 311 999 tro
325 936 361 1000 et
372 926 502 1022 quintae
514 926 710 1001 Academiae
722 926 901 1001 invideret.

305 1129 499 1205 Antiochus
513 1131 682 1207 Ascalone
697 1141 800 1207 natus
817 1140 887 1223 est3
903 1132 997 1206 unde
1012 1132 1052 1204 fit
1064 1141 1104 1205 ut
1117 1130 1325 1206 Ascalonitae
1396 1177 1399 1182 -

259 1274 453 1349 cognomen
469 1253 572 1350 vulgo
587 1253 802 1328 retinuerit¹.

306 1373 356 1448 De
371 1374 477 1448 natali
492 1375 568 1472 ejus
584 1396 676 1448 anno
700 1374 789 1448 nihil
804 1374 947 1470 quidem
971 1374 1065 1472 apud
1079 1382 1210 1448 veteres
1229 1396 1327 1447 com-

258 1495 413 1592 perimus
428 1521 436 1567 :
460 1506 596 1571 constat
608 1507 725 1570 tamen
740 1519 780 1570 ex
792 1496 896 1570 Tullii
911 1496 1110 1570 testimonio
1125 1518 1227 1586 eum,
1241 1505 1324 1569 ante

258 1642 392 1692 annum
412 1619 510 1693 urbis
530 1618 619 1709 666,
645 1643 716 1693 non
741 1618 856 1692 solum
883 1618 1015 1692 diutius
1035 1641 1142 1714 quam
1167 1616 1325 1714 quemvis

259 1739 367 1813 alium
383 1739 563 1830 didicisse,
578 1740 639 1814 sed
654 1751 689 1813 et
700 1739 860 1813 Philonis
874 1738 1031 1835 magistri
1044 1739 1100 1812 sui
1115 1738 1324 1813 sententiam

259 1861 398 1959 scriptis
413 1862 618 1959 permultos
635 1883 747 1936 annos
760 1861 833 1959 jam
849 1860 1106 1935 defensitavissc
1119 1863 1145 1934 ².

303 2074 405 2148 Philo
425 2073 483 2148 ille
507 2074 717 2165 Larissaeus,
740 2082 782 2148 ut
806 2074 849 2147 de
864 2037 1038 2147 *Antiochi
1061 2071 1228 2169 magistro
1250 2071 1326 2170 jam
1391 2036 1396 2043 ⁸

260 2217 425 2292 agamus,
448 2194 578 2269 multos
595 2217 705 2269 annos
726 2194 933 2268 Clitomachi
950 2193 1088 2267 auditor
1106 2194 1256 2283 iueratl,
1276 2203 1326 2283 et,

259 2315 610 2412 deiunctomagistro,
622 2314 713 2388 inter
724 2313 951 2389 Academicos
963 2312 1095 2410 primas
1108 2313 1222 2388 tenuit
1234 2313 1328 2388 ideo

260 2461 328 2533 que
350 2437 546 2512 Academiae
569 2417 731 2535 princeps
747 2436 952 2528 audiebat&
973 2437 1025 2509 vir
1045 2437 1212 2534 praeclaro
1227 2436 1326 2531 inge-

259 2558 335 2649 nio,
350 2559 381 2632 si
389 2558 535 2633 Varroni
548 2558 777 2655 Ciceronique
790 2558 1005 2633 credendum
1018 2566 1071 2660 est
1082 2557 1143 2654 qui
1156 2579 1326 2653 magnum
1340 2546 1343 2550 ’

260 2702 343 2754 eum
357 2680 472 2764 dicere
487 2704 558 2755 non
571 2679 826 2771 dubitabant⁵;
847 2679 894 2752 ita
909 2690 1027 2754 tamen
1051 2688 1180 2753 utnon
1204 2677 1324 2752 minus

295 2886 303 2923 ¹
320 2888 420 2948 Strabo,
435 2869 500 2947 llll,
514 2902 539 2952 p.
554 2890 616 2948 8783
629 2885 661 2936 de
670 2885 804 2937 Ascalone.
816 2912 849 2923 ·-
858 2887 974 2950 stephan.
988 2886 1089 2950 Byzant.
1103 2874 1283 2936 ἰηἌσκαλών.
1295 2916 1329 2926 -

261 2985 396 3043 Plutarch,
413 2984 464 3035 Vit.
479 2985 533 3035 Luc
549 3000 594 3048 ,p.
610 2985 667 3033 eet.
678 3009 712 3020 -
725 2982 777 3032 Vir.
790 2982 857 3042 Cic,
872 2997 897 3045 p.
912 2985 1009 3031 862-
1020 2981 1071 3031 Vit.
1084 2980 1176 3040 Bruti,
1190 2996 1215 3045 p.
1231 2984 1330 3031 966...

261 3071 384 3144 AElianus,
397 3073 457 3133 llll,
471 3087 493 3122 c.
508 3077 549 3122 25.

194 3163 201 3174 '
293 3159 306 3196 2
322 3161 402 3219 Quum
415 3161 575 3226 philosophice
588 3175 688 3225 operam
701 3162 768 3210 haud
782 3160 889 3223 prolecto
902 3162 960 3209 ante
973 3172 1065 3208 annum
1078 3158 1157 3208 aetotis
1176 3172 1227 3209 suae
1240 3157 1329 3207 vicesi-

261 3262 330 3299 mum
347 3250 455 3310 dederit,
473 3254 498 3300 et
517 3250 624 3300 Philonis
641 3250 775 3313 discipulus
795 3248 881 3313 viginti
899 3247 995 3297 circiter
1012 3261 1090 3297 annos
1108 3247 1182 3297 luerit
1198 3245 1250 3311 (qui
1263 3249 1330 3296 certe

261 3353 379 3389 uumerus
392 3339 464 3389 Tullii
476 3339 644 3414 testimonium
657 3340 817 3404 perpendenti
827 3340 894 3388 haud
904 3336 994 3386 nimius
1005 3350 1060 3386 esse
1068 3335 1214 3400 ridebitur),
1229 3349 1331 3385 necesse

262 3433 301 3480 est
317 3427 463 3487 Antiochum
480 3443 530 3479 non
548 3430 624 3479 multo
637 3432 693 3493 post
706 3444 799 3479 annum
812 3432 859 3478 626
873 3441 928 3477 esse
941 3429 1044 3475 natum:
1064 3440 1143 3488 neque
1157 3429 1239 3475 tamen
1252 3426 1330 3474 multo
1343 3495 1347 3500 ι

262 3521 334 3578 ante,
356 3518 445 3582 quippe
466 3518 522 3581 qui,
545 3519 694 3581 plusquam
716 3516 909 3582 sexagenarius,
933 3514 1027 3565 Luculli
1047 3515 1092 3564 sub
1111 3515 1215 3578 pellibus
1233 3527 1329 3572 comes,

261 3621 350 3672 pugnae
363 3609 428 3669 apud
437 3607 636 3672 Tigranocertam
649 3604 682 3669 (a.
697 3621 722 3659 u.
734 3605 792 3671 685)
805 3605 939 3665 adfuisset,
953 3606 1018 3667 quod
1028 3603 1053 3653 iu
1066 3607 1139 3653 aetate
1153 3607 1204 3652 tam
1218 3605 1331 3666 provecta

261 3695 302 3745 vix
319 3695 434 3745 credibile
453 3698 500 3745 est.
519 3696 554 3745 Sit
571 3709 630 3761 ergo
648 3695 796 3754 Antiochus,
818 3708 867 3744 non
885 3694 984 3756 quidem
1002 3697 1068 3743 certa
1087 3692 1196 3751 ratione,
1211 3690 1332 3754 probabili

266 3793 347 3837 tamen
366 3786 507 3850 conjectura
525 3800 548 3834 a.
567 3801 593 3836 u.
615 3788 662 3834 teo
685 3788 757 3835 natus
775 3783 828 3849 (Cu.
850 3784 949 3835 Octavio
968 3787 993 3834 et
1012 3786 1040 3833 Τ.
1055 3782 1132 3832 Annio
1145 3781 1208 3831 Ruso
1221 3795 1285 3830 coss.
1299 3800 1334 3811 -

266 3876 376 3940 olymp,
391 3878 453 3939 roa,
468 3877 492 3924 t.
506 3894 540 3905 —
552 3879 613 3925 unte
626 3874 715 3924 christ.
728 3854 799 3940 iao).

297 3963 422 4023 Meum,
441 3966 475 4026 ll,
490 3968 515 4014 6.
529 3984 563 3996 ·-
581 3966 661 4025 Plut,
683 3963 733 4014 Vit.
751 3964 822 4025 Cic,
840 3979 865 4027 p.
881 3967 938 4013 861.
952 3932 1101 4012 -llumem
1116 3974 1156 4024 ap.
1171 3960 1230 4009 Eus.
1246 3959 1331 4022 Proep.

266 4069 320 4115 en,
334 4056 395 4115 lllll,
410 4053 435 4102 9.

297 4141 311 4180 t·
325 4143 363 4193 lle
377 4143 468 4203 Orat„
483 4144 531 4203 lll,
546 4143 741 4202 28.—13rut.,
756 4156 778 4191 c.
794 4145 834 4191 89.

296 4228 309 4269 ⁵
324 4229 419 4290 deod„
434 4231 468 4291 ll,
483 4233 507 4280 t.
521 4257 554 4267 -
567 4232 602 4279 Gt.
616 4232 709 4291 Stobae,
724 4230 781 4281 Ecl.
796 4228 873 4279 ethic.
